1677 2955
1246 174 1299 203 xl

191 275 245 322 in
279 289 383 340 quo
426 284 600 321 tamen
640 272 958 318 incrementa
998 285 1168 319 annua
1210 268 1298 316 ob-

194 351 457 388 servantur
491 354 535 386 e.
571 354 614 402 g.
645 334 1004 398 Polytrichum.

131 406 182 469 6)
218 421 479 458 ramosus,
537 405 690 452 ramis*
733 401 928 467 absque
972 398 1155 448 ordine
1200 399 1298 448 dis-

195 473 354 518 tincto
388 471 672 517 instructus.

133 541 184 597 7)
218 537 620 587 ramosissimus,
682 534 771 599 qui
815 547 1040 578 ramosus
1077 542 1128 577 et
1162 529 1301 590 cujus

195 601 323 646 rami
355 601 537 647 iterum
570 600 756 648 ramosi
788 609 925 656 sunt,
966 598 1037 643 ita
1071 608 1127 643 ut
1160 611 1304 659 regu-

193 664 311 712 laris
332 663 511 712 divisio
528 666 680 713 totius
699 661 855 712 caulis
872 677 980 708 non
998 660 1306 710 observetur.

131 738 183 795 3)
218 750 417 799 vagus,
456 734 594 796 cujus
628 735 756 780 rami
791 731 986 798 absque
1020 729 1203 779 ordine
1233 730 1306 777 la-

196 815 263 846 xe
298 797 464 850 diffusi
498 811 614 847 sunt
657 810 708 847 et
748 799 882 848 inter
915 812 969 843 se
1006 795 1206 843 distant.

133 868 184 925 9)
219 867 544 919 imericacas,
583 866 671 930 qui
703 879 870 911 ramos
896 865 1197 910 numerosos
1221 877 1307 926 ap2

196 931 511 994 proximatos
546 928 725 977 breves
749 926 1001 994 implexos
1027 926 1198 986 habet,
1234 929 1305 973 ita

196 1006 254 1040 ut
289 994 470 1054 caulis,
507 1011 536 1041 a
559 1011 663 1059 quo
689 996 936 1057 originem
954 990 1181 1052 trahunt,
1206 1004 1306 1038 sta-

198 1060 289 1103 tim
326 1058 392 1105 ob
429 1074 622 1118 ramos,
675 1061 729 1105 in
765 1073 893 1123 quos
938 1056 1143 1116 divisus,
1194 1071 1306 1104 eva-

196 1135 386 1170 nescat.

140 1193 216 1244 10)
239 1187 620 1249 sascz'culacus,
677 1188 816 1247 cujus
850 1189 979 1234 rami
1011 1185 1190 1235 breves
1226 1201 1312 1234 co-

201 1255 380 1299 arctati
412 1252 682 1301 fasciculos
714 1251 954 1300 formant.

139 1320 219 1377 11)
258 1317 613 1383 fastigiatus,
668 1320 710 1364 si
760 1319 888 1364 rami
937 1312 1204 1365 inferiores
1256 1320 1311 1365 in

202 1381 351 1429 caule
396 1396 570 1432 erecto
613 1382 723 1430 fere
772 1381 1095 1448 longitudine
1152 1385 1310 1447 apicis

199 1459 317 1494 sunt
345 1461 389 1500 e.
410 1467 454 1513 g.
488 1448 793 1498 Climacium
819 1447 1147 1507 dendroides,
1174 1450 1312 1514 Hyp-

201 1529 325 1558 num
361 1513 695 1579 alopecurum
732 1525 827 1562 etc.

141 1580 222 1637 12)
251 1581 536 1642 pinnatus,
574 1582 659 1645 qui
695 1595 862 1627 ramos
890 1578 1146 1644 simplices
1177 1578 1313 1626 disti-

204 1643 327 1690 chos
361 1643 571 1708 profert.

142 1710 222 1768 13)
257 1706 593 1771 bipinnatus,
656 1710 794 1771 cujus
839 1711 969 1755 rami
1018 1710 1217 1772 pinnati
1260 1711 1315 1756 in

201 1771 421 1820 formam
454 1776 720 1839 pinnatam
753 1786 870 1820 sunt
903 1772 1150 1837 dispositi.

145 1840 221 1901 14)
263 1839 528 1902 triplicato
548 1868 567 1876 -
618 1841 833 1885 innatus
879 1855 916 1890 s.
964 1841 1313 1901 cripz'nnacus,

205 1902 345 1963 cujus
394 1905 524 1950 rami
577 1857 829 1968 gipinuati
881 1905 1094 1969 pinnato
1154 1904 1313 1952 modo

206 1980 455 2016 crescunt.

145 2034 223 2093 15)
252 2031 510 2097 prolifer,
535 2035 577 2080 si
593 2035 646 2080 in
667 2032 862 2080 duabus
881 2032 1152 2098 speciebus
1171 2045 1317 2099 prae-

209 2095 508 2145 cedentibus
544 2114 607 2145 ex
643 2098 795 2146 dorso
831 2101 961 2146 rami
994 2101 1222 2163 primarii
1247 2103 1318 2147 in-

204 2164 412 2210 novatio
436 2163 678 2225 ejusdem
709 2162 909 2211 formae
943 2166 1126 2225 oritur,
1175 2178 1230 2211 ut
1263 2168 1318 2212 in

205 2228 395 2291 Hypno
431 2228 701 2294 prolffero,
737 2230 1006 2294 parietino.

150 2296 228 2350 16)
263 2293 621 2349 dichotomus,
656 2296 711 2340 si·
735 2294 890 2341 caulis
934 2293 1117 2342 bifidus
1163 2297 1339 2359 apici-⁴
1400 2287 1413 2302 Ὗ

209 2355 301 2403 bus
336 2356 505 2408 bifidis
529 2361 712 2406 iterum
739 2373 894 2426 atque
918 2361 1100 2406 iterum
1130 2359 1319 2407 eodem

207 2421 369 2499 modo
429 2424 694 2489 dividitur3
762 2427 815 2471 in
872 2423 1100 2490 pluribus
1154 2427 1317 2487 Lyco-

153 2486 588 2619 κ’γξοόῒςιὸὗξῇᾱιιε,
630 2557 672 2603 si
716 2553 872 2601 caulis
919 2553 1102 2602 bifidus
1146 2558 1316 2620 apices

214 2616 398 2666 bifidos
440 2616 646 2683 profert.
713 2618 1013 2685 Lycopodia
1053 2620 1318 2668 nonnulla.
