1677 2955
412 310 417 317 ,
464 257 727 323 stinguitur
751 269 781 298 a
807 248 967 307 caule,
1039 242 1146 291 uod
1169 254 1369 305 semper
1385 236 1595 285 frondes

466 336 729 388 nunquam
761 316 886 364 folia
918 328 1008 378 pro
1034 321 1159 363 erat„
1225 307 1432 370 Species
1456 313 1595 349 sunt:

504 395 550 449 1)
585 385 831 434 arboreus
864 383 918 427 in
952 375 1156 440 tropicis
1191 367 1493 418 benemultis
1520 367 1597 413 Fi-

499 452 703 517 licibus,
740 450 788 510 2)
823 443 1100 493 scandens,
1137 439 1187 500 3)
1223 432 1596 485 horizoncalis,

502 523 553 579 4)
590 516 855 577 obliquus,
901 510 949 570 5)
987 519 1193 570 repens,
1238 503 1286 562 6)
1321 498 1598 548 radicans„

503 587 551 643 7)
583 578 888 643 paleaceas,
950 574 999 631 8)
1031 569 1256 634 pilosus,
1317 565 1366 624 9)
1404 561 1601 611 hircus,

507 650 584 707 ιο)
619 655 835 692 setosus,
877 639 953 697 11)
989 632 1278 680 aculeatus.

344 725 395 772 B.
433 717 642 769 Caulis
679 724 752 759 est
787 708 1043 770 elongatio
1066 696 1358 766 vegetabilis
1384 694 1604 761 plerum-

473 798 574 850 que
609 777 861 828 herbacea
895 787 1009 817 raro
1043 767 1327 831 liguescens
1361 759 1495 807 foliis
1529 760 1605 803 in-

471 858 674 897 structa.
712 839 1020 888 Observatur
1036 835 1088 879 in
1110 826 1605 892 Lycopodiis,Tme-
1662 834 1670 843 “

472 907 739 976 sipteride',
759 899 1072 960 Bernhardiis
1087 932 1098 954 ‚
1114 895 1362 960 Equisetis
1377 926 1389 948 ‚
1410 886 1610 950 Hydro-

469 971 774 1043 pteridibus‚
802 964 998 1013 Muscis
1032 958 1437 1024 Jungermanniis
1481 959 1609 998 non-

474 1039 641 1094 nullis,
665 1050 763 1083 nec
789 1035 843 1078 in
875 1030 981 1077 aliis
1011 1024 1417 1089 cryptogamicae
1443 1016 1611 1065 classis

477 1103 679 1154 civibus.
737 1100 881 1147 Haec
908 1110 1022 1158 pars
1051 1093 1103 1137 in
1131 1089 1317 1135 Muscis
1345 1081 1502 1132 caulis
1538 1091 1612 1127 est

473 1164 811 1221 nominanda,
855 1176 955 1207 nec
1000 1153 1227 1204 surculus
1270 1164 1325 1197 ut
1361 1151 1611 1196 Linnaeus

475 1246 640 1303 putat,
684 1245 783 1276 nec
816 1239 1021 1273 truncus
1061 1232 1117 1266 ut
1148 1216 1438 1279 Hedvvigius
1475 1223 1615 1266 autu-

477 1312 596 1351 mat.
662 1291 898 1344 surculus
934 1298 1008 1335 est
1049 1286 1292 1332 terminus
1339 1278 1491 1344 plane
1527 1274 1612 1320 ab-

479 1361 751 1419 dicandus,
798 1371 955 1422 quum
988 1349 1129 1399 nulla
1164 1343 1451 1393 differentia
1484 1343 1616 1386 inter

479 1431 619 1478 hunc
662 1439 712 1473 et
754 1421 953 1471 caulem
993 1415 1294 1463 inveniatur.
1378 1410 1612 1455 Truncus

483 1487 922 1543 arborescentibus
988 1493 1039 1544 ej:
1101 1477 1354 1535 fruticosis
1422 1483 1618 1518 tantum
1674 1500 1677 1511 Α

484 1559 669 1627 plantis
713 1567 814 1612 est,
867 1562 918 1597 et
958 1559 1248 1594 muscorum
1292 1537 1448 1587 caulis
1490 1551 1617 1580 nun-

487 1640 641 1689 quam
674 1618 921 1673 frutescit,
958 1627 1056 1659 nec
1091 1626 1120 1654 a
1155 1605 1302 1654 caule
1335 1602 1620 1668 plantarum
1642 1641 1651 1647 .

487 1686 670 1736 differt.
739 1684 792 1730 Si
825 1691 992 1746 partes
1028 1670 1386 1739 vegetabilium
1421 1662 1622 1725 confofr÷
1675 1659 1677 1664 ’

485 1769 593 1801 mes
626 1754 680 1796 in
716 1746 922 1793 diversis
950 1739 1187 1790 classibus
1214 1743 1505 1787 occurrunt,
1540 1745 1625 1776 eo-

488 1819 608 1866 dem
640 1815 864 1868 nomine,
899 1822 999 1853 nec
1034 1803 1134 1850 alio
1168 1812 1283 1848 sunt
1308 1793 1624 1852 solutandae‚

491 1898 558 1930 ne
595 1879 949 1925 detrimentum
982 1869 1103 1915 inde
1147 1875 1356 1928 caperet
1395 1860 1626 1910 scientia,

491 1947 698 2012 Species
733 1940 877 2001 hujus
911 1946 1046 1982 sunt:

533 2011 926 2083 1ffagz'nczcus,
965 2000 1053 2063 qui
1078 1994 1210 2043 foliis
1239 2002 1396 2049 caret,
1432 2001 1482 2036 et
1504 1987 1626 2034 loco

592 2087 771 2124 eorum
798 2066 987 2131 vaginis
1011 2061 1288 2117 instruitur,
1323 2067 1379 2102 ut
1404 2057 1458 2100 in
1480 2053 1631 2118 Equi-

591 2149 719 2189 sens.
1501 2164 1510 2169 t

530 2207 581 2263 2)
605 2201 860 2266 foliosus,
897 2193 1029 2240 foliis
1063 2190 1202 2236 vario
1237 2183 1395 2232 modo
1421 2181 1626 2231 obsitus.

530 2272 580 2331 3)
614 2262 1032 2327 simplicissimus,
1069 2256 1156 2319 qui
1176 2266 1442 2316 nunquam
1465 2261 1631 2297 ramos

597 2340 785 2380 emlttlt.

534 2404 583 2458 A)
617 2393 865 2457 simplex,
904 2389 991 2452 qui
1024 2396 1139 2449 post
1172 2379 1542 2436 flerescentiam
1580 2375 1634 2419 in

598 2454 903 2571 iluibusdgtm
922 2452 1105 2498 Muscis
1133 2444 1446 2513 quandoque
1472 2456 1635 2489 ramu-

621 2541 703 2570 um
741 2522 803 2567 ha
846 2530 909 2565 et.

541 2591 589 2652 5)
608 2592 893 2636 innovans,
921 2582 1008 2647 qui
1035 2576 1428 2643 simplicissimus
1450 2579 1636 2628 manet,
