<?xml version="1.0" encoding="UTF-8"?>
<!DOCTYPE html PUBLIC "-//W3C//DTD XHTML 1.0 Transitional//EN"
    "http://www.w3.org/TR/xhtml1/DTD/xhtml1-transitional.dtd">
<html xmlns="http://www.w3.org/1999/xhtml" xml:lang="en" lang="en">
 <head>
  <title>
</title>
<meta http-equiv="Content-Type" content="text/html;charset=utf-8" />
  <meta name='ocr-system' content='tesseract 3.04.00' />
  <meta name='ocr-capabilities' content='ocr_page ocr_carea ocr_par ocr_line ocrx_word'/>
</head>
<body>
  <div class='ocr_page' id='page_1' title='image "./speciesplantarum05linn_0025.png"; bbox 0 0 1677 2955; ppageno 0'>
   <div class='ocr_carea' id='block_1_1' title="bbox 1170 185 1302 218">
    <p class='ocr_par' dir='ltr' id='par_1_1' title="bbox 1170 185 1302 218">
     <span class='ocr_line' id='line_1_1' title="bbox 1170 185 1302 218; baseline 0.015 -2"><span class='ocrx_word' id='word_1_1' title='bbox 1170 185 1175 192; x_wconf 88' lang='grc'><strong>“</strong></span> <span class='ocrx_word' id='word_1_2' title='bbox 1197 186 1302 218; x_wconf 84' lang='lat' dir='ltr'>xv11</span> 
     </span>
    </p>
   </div>
   <div class='ocr_carea' id='block_1_2' title="bbox 119 282 1299 2686">
    <p class='ocr_par' dir='ltr' id='par_1_2' title="bbox 365 282 807 332">
     <span class='ocr_line' id='line_1_2' title="bbox 365 282 807 332; baseline -0.016 -1"><span class='ocrx_word' id='word_1_3' title='bbox 365 283 415 332; x_wconf 85' lang='lat' dir='ltr'><strong>b.</strong></span> <span class='ocrx_word' id='word_1_4' title='bbox 450 282 591 329; x_wconf 84' lang='lat' dir='ltr'><strong>Basi.</strong></span> <span class='ocrx_word' id='word_1_5' title='bbox 804 322 807 324; x_wconf 86' lang='grc'>,</span> 
     </span>
    </p>

    <p class='ocr_par' dir='ltr' id='par_1_3' title="bbox 138 339 1299 542">
     <span class='ocr_line' id='line_1_3' title="bbox 138 339 1299 412; baseline -0.001 -14"><span class='ocrx_word' id='word_1_6' title='bbox 138 354 216 410; x_wconf 79' lang='lat'><strong>11)</strong></span> <span class='ocrx_word' id='word_1_7' title='bbox 252 349 561 407; x_wconf 75' lang='lat' dir='ltr'><strong>cordatum,</strong></span> <span class='ocrx_word' id='word_1_8' title='bbox 613 345 756 412; x_wconf 88' lang='lat' dir='ltr'><strong>quod</strong></span> <span class='ocrx_word' id='word_1_9' title='bbox 783 344 898 392; x_wconf 85' lang='lat' dir='ltr'><strong>basi</strong></span> <span class='ocrx_word' id='word_1_10' title='bbox 930 339 1134 394; x_wconf 88' lang='lat' dir='ltr'>lobqus</span> <span class='ocrx_word' id='word_1_11' title='bbox 1170 342 1299 397; x_wconf 86' lang='lat' dir='ltr'><strong>duos</strong></span> 
     </span>
     <span class='ocr_line' id='line_1_4' title="bbox 192 413 1299 476; baseline 0.004 -17"><span class='ocrx_word' id='word_1_12' title='bbox 192 413 350 461; x_wconf 89' lang='lat' dir='ltr'><strong>habet</strong></span> <span class='ocrx_word' id='word_1_13' title='bbox 399 426 449 460; x_wconf 90' lang='lat' dir='ltr'><strong>et</strong></span> <span class='ocrx_word' id='word_1_14' title='bbox 498 414 636 475; x_wconf 87' lang='lat' dir='ltr'>cujus</span> <span class='ocrx_word' id='word_1_15' title='bbox 694 413 1092 476; x_wconf 80' lang='lat' dir='ltr'>circumscriptio</span> <span class='ocrx_word' id='word_1_16' title='bbox 1151 427 1299 463; x_wconf 85' lang='lat' dir='ltr'><strong>ovata</strong></span> 
     </span>
     <span class='ocr_line' id='line_1_5' title="bbox 193 476 802 542; baseline -0.008 -15"><span class='ocrx_word' id='word_1_17' title='bbox 193 477 417 542; x_wconf 84' lang='lat' dir='ltr'><strong>oblonga</strong></span> <span class='ocrx_word' id='word_1_18' title='bbox 450 476 530 525; x_wconf 87' lang='lat' dir='ltr'><strong>vel</strong></span> <span class='ocrx_word' id='word_1_19' title='bbox 566 476 802 541; x_wconf 87' lang='lat' dir='ltr'><strong>elliptica.</strong></span> 
     </span>
    </p>

    <p class='ocr_par' dir='ltr' id='par_1_4' title="bbox 133 541 1298 743">
     <span class='ocr_line' id='line_1_6' title="bbox 133 541 1298 608; baseline 0.001 -17"><span class='ocrx_word' id='word_1_20' title='bbox 133 547 213 604; x_wconf 81' lang='lat'><strong>12)</strong></span> <span class='ocrx_word' id='word_1_21' title='bbox 240 543 708 608; x_wconf 69' lang='lat' dir='ltr'><strong>inaequilncerum,</strong></span> <span class='ocrx_word' id='word_1_22' title='bbox 730 541 1142 606; x_wconf 84' lang='lat' dir='ltr'><strong>(pterygoideum</strong></span> <span class='ocrx_word' id='word_1_23' title='bbox 1158 544 1298 593; x_wconf 91' lang='lat' dir='ltr'><strong>Hed-</strong></span> 
     </span>
     <span class='ocr_line' id='line_1_7' title="bbox 191 604 1296 673; baseline 0.003 -17"><span class='ocrx_word' id='word_1_24' title='bbox 191 611 307 673; x_wconf 83' lang='lat' dir='ltr'>wig)</span> <span class='ocrx_word' id='word_1_25' title='bbox 381 604 485 654; x_wconf 90' lang='lat' dir='ltr'><strong>uod</strong></span> <span class='ocrx_word' id='word_1_26' title='bbox 518 624 622 654; x_wconf 91' lang='lat' dir='ltr'><strong>uno</strong></span> <span class='ocrx_word' id='word_1_27' title='bbox 666 605 827 654; x_wconf 87' lang='lat' dir='ltr'><strong>latere</strong></span> <span class='ocrx_word' id='word_1_28' title='bbox 869 606 1217 655; x_wconf 88' lang='lat' dir='ltr'><strong>abbreviatum</strong></span> <span class='ocrx_word' id='word_1_29' title='bbox 1253 627 1296 659; x_wconf 91' lang='lat' dir='ltr'><strong>e.</strong></span> 
     </span>
     <span class='ocr_line' id='line_1_8' title="bbox 189 675 727 743; baseline -0.007 -21"><span class='ocrx_word' id='word_1_30' title='bbox 189 691 236 743; x_wconf 74' lang='lat' dir='ltr'><strong>g.</strong></span> <span class='ocrx_word' id='word_1_31' title='bbox 268 676 364 720; x_wconf 88' lang='lat' dir='ltr'><strong>Les</strong></span> <span class='ocrx_word' id='word_1_32' title='bbox 404 675 454 719; x_wconf 84' lang='lat' dir='ltr'><strong>ia</strong></span> <span class='ocrx_word' id='word_1_33' title='bbox 486 683 727 737; x_wconf 86' lang='lat' dir='ltr'><strong>pennata.</strong></span> 
     </span>
    </p>

    <p class='ocr_par' dir='ltr' id='par_1_5' title="bbox 365 737 1104 802">
     <span class='ocr_line' id='line_1_9' title="bbox 365 737 1104 802; baseline -0.003 -16"><span class='ocrx_word' id='word_1_34' title='bbox 365 753 406 786; x_wconf 92' lang='lat' dir='ltr'><strong>c.</strong></span> <span class='ocrx_word' id='word_1_35' title='bbox 446 737 958 802; x_wconf 57' lang='lat' dir='ltr'><strong>Circumscriptiones</strong></span> <span class='ocrx_word' id='word_1_36' title='bbox 1094 778 1104 801; x_wconf 21' lang='grc' dir='ltr'><strong>ὲ,</strong></span> 
     </span>
    </p>

    <p class='ocr_par' dir='ltr' id='par_1_6' title="bbox 131 797 1299 932">
     <span class='ocr_line' id='line_1_10' title="bbox 131 797 1299 869; baseline 0 -18"><span class='ocrx_word' id='word_1_37' title='bbox 131 806 210 864; x_wconf 80' lang='lat'><strong>13)</strong></span> <span class='ocrx_word' id='word_1_38' title='bbox 246 802 629 855; x_wconf 80' lang='lat' dir='ltr'><strong>orbiculatum,</strong></span> <span class='ocrx_word' id='word_1_39' title='bbox 670 803 712 849; x_wconf 90' lang='lat' dir='ltr'><strong>si</strong></span> <span class='ocrx_word' id='word_1_40' title='bbox 747 801 995 850; x_wconf 83' lang='lat' dir='ltr'>diameter</span> <span class='ocrx_word' id='word_1_41' title='bbox 1025 797 1299 869; x_wconf 82' lang='lat' dir='ltr'><strong>longitudi-</strong></span> 
     </span>
     <span class='ocr_line' id='line_1_11' title="bbox 192 866 949 932; baseline 0.001 -18"><span class='ocrx_word' id='word_1_42' title='bbox 192 866 320 914; x_wconf 86' lang='lat' dir='ltr'><strong>nalis</strong></span> <span class='ocrx_word' id='word_1_43' title='bbox 355 867 674 915; x_wconf 81' lang='lat' dir='ltr'><strong>transversali</strong></span> <span class='ocrx_word' id='word_1_44' title='bbox 709 867 949 932; x_wconf 86' lang='lat' dir='ltr'><strong>aequalis.</strong></span> 
     </span>
    </p>

    <p class='ocr_par' dir='ltr' id='par_1_7' title="bbox 130 930 1299 1175">
     <span class='ocr_line' id='line_1_12' title="bbox 130 930 1298 997; baseline 0.002 -17"><span class='ocrx_word' id='word_1_45' title='bbox 130 935 209 996; x_wconf 79' lang='grc'><strong>14)</strong></span> <span class='ocrx_word' id='word_1_46' title='bbox 245 945 491 986; x_wconf 74' lang='lat' dir='ltr'><strong>ovatum,</strong></span> <span class='ocrx_word' id='word_1_47' title='bbox 544 935 587 979; x_wconf 84' lang='lat' dir='ltr'><strong>si</strong></span> <span class='ocrx_word' id='word_1_48' title='bbox 630 931 876 980; x_wconf 83' lang='lat' dir='ltr'><strong>diameter</strong></span> <span class='ocrx_word' id='word_1_49' title='bbox 916 930 1298 997; x_wconf 84' lang='lat' dir='ltr'><strong>longitudinalis</strong></span> 
     </span>
     <span class='ocr_line' id='line_1_13' title="bbox 192 997 1299 1062; baseline 0 -15"><span class='ocrx_word' id='word_1_50' title='bbox 192 997 580 1047; x_wconf 85' lang='lat' dir='ltr'><strong>transversalem</strong></span> <span class='ocrx_word' id='word_1_51' title='bbox 612 1011 840 1062; x_wconf 82' lang='lat' dir='ltr'><strong>superat,</strong></span> <span class='ocrx_word' id='word_1_52' title='bbox 875 997 1008 1045; x_wconf 86' lang='lat' dir='ltr'><strong>basis</strong></span> <span class='ocrx_word' id='word_1_53' title='bbox 1041 998 1192 1047; x_wconf 87' lang='lat' dir='ltr'><strong>latior</strong></span> <span class='ocrx_word' id='word_1_54' title='bbox 1216 1016 1299 1048; x_wconf 84' lang='lat' dir='ltr'><strong>ro-</strong></span> 
     </span>
     <span class='ocr_line' id='line_1_14' title="bbox 187 1061 1297 1128; baseline 0.002 -17"><span class='ocrx_word' id='word_1_55' title='bbox 187 1062 402 1111; x_wconf 87' lang='lat' dir='ltr'><strong>tundata</strong></span> <span class='ocrx_word' id='word_1_56' title='bbox 445 1075 494 1110; x_wconf 89' lang='lat' dir='ltr'><strong>et</strong></span> <span class='ocrx_word' id='word_1_57' title='bbox 544 1078 675 1128; x_wconf 85' lang='lat' dir='ltr'>apex</span> <span class='ocrx_word' id='word_1_58' title='bbox 719 1061 831 1127; x_wconf 87' lang='lat' dir='ltr'>plus</span> <span class='ocrx_word' id='word_1_59' title='bbox 886 1065 1114 1112; x_wconf 86' lang='lat' dir='ltr'><strong>minusve</strong></span> <span class='ocrx_word' id='word_1_60' title='bbox 1172 1078 1297 1113; x_wconf 85' lang='lat' dir='ltr'><strong>atte-</strong></span> 
     </span>
     <span class='ocr_line' id='line_1_15' title="bbox 187 1140 381 1175; baseline -0.01 0"><span class='ocrx_word' id='word_1_61' title='bbox 187 1140 381 1175; x_wconf 80' lang='lat' dir='ltr'><strong>nuatus.</strong></span> 
     </span>
    </p>

    <p class='ocr_par' dir='ltr' id='par_1_8' title="bbox 127 1191 1297 1453">
     <span class='ocr_line' id='line_1_16' title="bbox 127 1191 1294 1259; baseline 0.001 -19"><span class='ocrx_word' id='word_1_62' title='bbox 127 1195 207 1255; x_wconf 76' lang='lat'><strong>15)</strong></span> <span class='ocrx_word' id='word_1_63' title='bbox 250 1192 558 1255; x_wconf 59' lang='lat' dir='ltr'><strong>obeuntum,</strong></span> <span class='ocrx_word' id='word_1_64' title='bbox 619 1192 991 1257; x_wconf 81' lang='lat' dir='ltr'><strong>(spathula&#39;tum</strong></span> <span class='ocrx_word' id='word_1_65' title='bbox 1049 1191 1294 1259; x_wconf 76' lang='lat' dir='ltr'><strong>Hedwig)</strong></span> 
     </span>
     <span class='ocr_line' id='line_1_17' title="bbox 188 1257 1293 1324; baseline 0.002 -20"><span class='ocrx_word' id='word_1_66' title='bbox 188 1257 333 1324; x_wconf 86' lang='lat' dir='ltr'><strong>quod</strong></span> <span class='ocrx_word' id='word_1_67' title='bbox 375 1257 676 1304; x_wconf 71' lang='lat' dir='ltr'><strong>diametrum</strong></span> <span class='ocrx_word' id='word_1_68' title='bbox 719 1257 1073 1322; x_wconf 85' lang='lat' dir='ltr'><strong>praecedentis</strong></span> <span class='ocrx_word' id='word_1_69' title='bbox 1114 1259 1293 1319; x_wconf 80' lang='lat' dir='ltr'><strong>habet,</strong></span> 
     </span>
     <span class='ocr_line' id='line_1_18' title="bbox 185 1322 1297 1387; baseline 0.002 -17"><span class='ocrx_word' id='word_1_70' title='bbox 185 1323 280 1370; x_wconf 83' lang='lat' dir='ltr'><strong>sed</strong></span> <span class='ocrx_word' id='word_1_71' title='bbox 321 1325 467 1387; x_wconf 86' lang='lat' dir='ltr'>apice</span> <span class='ocrx_word' id='word_1_72' title='bbox 519 1334 833 1369; x_wconf 74' lang='lat' dir='ltr'><strong>attenuatum·</strong></span> <span class='ocrx_word' id='word_1_73' title='bbox 873 1322 1201 1370; x_wconf 81' lang='lat' dir='ltr'><strong>rotundatum</strong></span> <span class='ocrx_word' id='word_1_74' title='bbox 1246 1338 1297 1372; x_wconf 85' lang='lat' dir='ltr'><strong>et</strong></span> 
     </span>
     <span class='ocr_line' id='line_1_19' title="bbox 187 1386 1080 1453; baseline 0.002 -19"><span class='ocrx_word' id='word_1_75' title='bbox 187 1386 252 1435; x_wconf 91' lang='lat' dir='ltr'><strong>ab</strong></span> <span class='ocrx_word' id='word_1_76' title='bbox 290 1391 437 1453; x_wconf 82' lang='lat' dir='ltr'>apice</span> <span class='ocrx_word' id='word_1_77' title='bbox 471 1387 538 1435; x_wconf 90' lang='lat' dir='ltr'><strong>ad</strong></span> <span class='ocrx_word' id='word_1_78' title='bbox 570 1386 716 1435; x_wconf 85' lang='lat' dir='ltr'><strong>basin</strong></span> <span class='ocrx_word' id='word_1_79' title='bbox 751 1401 1080 1436; x_wconf 85' lang='lat' dir='ltr'><strong>attenuatum.</strong></span> 
     </span>
    </p>

    <p class='ocr_par' dir='ltr' id='par_1_9' title="bbox 128 1454 1297 1649">
     <span class='ocr_line' id='line_1_20' title="bbox 128 1454 1296 1517; baseline 0 -15"><span class='ocrx_word' id='word_1_80' title='bbox 128 1455 207 1517; x_wconf 86' lang='lat'><strong>16)</strong></span> <span class='ocrx_word' id='word_1_81' title='bbox 241 1454 526 1517; x_wconf 72' lang='lat' dir='ltr'><strong>ellzpcicum</strong></span> <span class='ocrx_word' id='word_1_82' title='bbox 559 1470 600 1503; x_wconf 74' lang='lat' dir='ltr'><strong>S.</strong></span> <span class='ocrx_word' id='word_1_83' title='bbox 633 1454 811 1507; x_wconf 63' lang='lat' dir='ltr'><strong>ovale,</strong></span> <span class='ocrx_word' id='word_1_84' title='bbox 847 1455 888 1499; x_wconf 90' lang='lat' dir='ltr'><strong>si</strong></span> <span class='ocrx_word' id='word_1_85' title='bbox 915 1454 1162 1501; x_wconf 84' lang='lat' dir='ltr'><strong>diameter</strong></span> <span class='ocrx_word' id='word_1_86' title='bbox 1185 1454 1296 1502; x_wconf 88' lang='lat' dir='ltr'>lon-</span> 
     </span>
     <span class='ocr_line' id='line_1_21' title="bbox 184 1517 1297 1584; baseline 0.004 -20"><span class='ocrx_word' id='word_1_87' title='bbox 184 1517 482 1583; x_wconf 82' lang='lat' dir='ltr'><strong>gitudinalis</strong></span> <span class='ocrx_word' id='word_1_88' title='bbox 538 1517 921 1566; x_wconf 85' lang='lat' dir='ltr'><strong>transversalem</strong></span> <span class='ocrx_word' id='word_1_89' title='bbox 979 1531 1187 1584; x_wconf 79' lang='lat' dir='ltr'><strong>superat</strong></span> <span class='ocrx_word' id='word_1_90' title='bbox 1246 1532 1297 1568; x_wconf 88' lang='lat' dir='ltr'><strong>et</strong></span> 
     </span>
     <span class='ocr_line' id='line_1_22' title="bbox 189 1582 674 1649; baseline 0.002 -20"><span class='ocrx_word' id='word_1_91' title='bbox 189 1598 322 1649; x_wconf 82' lang='lat' dir='ltr'><strong>apex</strong></span> <span class='ocrx_word' id='word_1_92' title='bbox 354 1582 674 1635; x_wconf 76' lang='lat' dir='ltr'><strong>rotundatus.</strong></span> 
     </span>
    </p>

    <p class='ocr_par' dir='ltr' id='par_1_10' title="bbox 125 1648 1295 1777">
     <span class='ocr_line' id='line_1_23' title="bbox 125 1648 1295 1714; baseline 0.001 -17"><span class='ocrx_word' id='word_1_93' title='bbox 125 1652 205 1712; x_wconf 84' lang='lat'><strong>17)</strong></span> <span class='ocrx_word' id='word_1_94' title='bbox 242 1649 558 1714; x_wconf 73' lang='lat' dir='ltr'><strong>oblongam,</strong></span> <span class='ocrx_word' id='word_1_95' title='bbox 598 1648 736 1707; x_wconf 76' lang='lat' dir='ltr'>cujus</span> <span class='ocrx_word' id='word_1_96' title='bbox 774 1648 1023 1695; x_wconf 80' lang='lat' dir='ltr'><strong>diameter</strong></span> <span class='ocrx_word' id='word_1_97' title='bbox 1053 1659 1295 1697; x_wconf 70' lang='lat' dir='ltr'><strong>transver-</strong></span> 
     </span>
     <span class='ocr_line' id='line_1_24' title="bbox 182 1712 1136 1777; baseline 0 -17"><span class='ocrx_word' id='word_1_98' title='bbox 182 1712 297 1760; x_wconf 88' lang='lat' dir='ltr'><strong>salis</strong></span> <span class='ocrx_word' id='word_1_99' title='bbox 331 1712 688 1776; x_wconf 84' lang='lat' dir='ltr'><strong>longitudinali</strong></span> <span class='ocrx_word' id='word_1_100' title='bbox 725 1713 882 1777; x_wconf 87' lang='lat' dir='ltr'>duplo</span> <span class='ocrx_word' id='word_1_101' title='bbox 920 1712 1136 1761; x_wconf 86' lang='lat' dir='ltr'><strong>brevior.</strong></span> 
     </span>
    </p>

    <p class='ocr_par' dir='ltr' id='par_1_11' title="bbox 125 1777 1295 2020">
     <span class='ocr_line' id='line_1_25' title="bbox 125 1777 1295 1838; baseline -0.004 -11"><span class='ocrx_word' id='word_1_102' title='bbox 125 1781 203 1838; x_wconf 77' lang='lat'><strong>18)</strong></span> <span class='ocrx_word' id='word_1_103' title='bbox 239 1779 628 1830; x_wconf 45' lang='lat' dir='ltr'><strong>lanceolacumj</strong></span> <span class='ocrx_word' id='word_1_104' title='bbox 679 1777 816 1837; x_wconf 80' lang='lat' dir='ltr'>cujus</span> <span class='ocrx_word' id='word_1_105' title='bbox 853 1777 1103 1826; x_wconf 82' lang='lat' dir='ltr'><strong>diameter</strong></span> <span class='ocrx_word' id='word_1_106' title='bbox 1135 1791 1295 1827; x_wconf 35' lang='lat' dir='ltr'><strong>transi</strong></span> 
     </span>
     <span class='ocr_line' id='line_1_26' title="bbox 183 1840 1292 1909; baseline 0.002 -20"><span class='ocrx_word' id='word_1_107' title='bbox 183 1841 388 1890; x_wconf 86' lang='lat' dir='ltr'><strong>versalis</strong></span> <span class='ocrx_word' id='word_1_108' title='bbox 421 1840 781 1905; x_wconf 83' lang='lat' dir='ltr'><strong>longitudinali</strong></span> <span class='ocrx_word' id='word_1_109' title='bbox 812 1841 924 1906; x_wconf 86' lang='lat' dir='ltr'>plus</span> <span class='ocrx_word' id='word_1_110' title='bbox 952 1858 1106 1908; x_wconf 83' lang='lat' dir='ltr'><strong>quam</strong></span> <span class='ocrx_word' id='word_1_111' title='bbox 1139 1844 1292 1909; x_wconf 84' lang='lat' dir='ltr'>triplo</span> 
     </span>
     <span class='ocr_line' id='line_1_27' title="bbox 183 1906 1292 1974; baseline 0.003 -21"><span class='ocrx_word' id='word_1_112' title='bbox 183 1906 390 1954; x_wconf 87' lang='lat' dir='ltr'><strong>brevior</strong></span> <span class='ocrx_word' id='word_1_113' title='bbox 441 1918 493 1952; x_wconf 86' lang='lat' dir='ltr'><strong>et</strong></span> <span class='ocrx_word' id='word_1_114' title='bbox 543 1906 684 1971; x_wconf 80' lang='lat' dir='ltr'><strong>quod</strong></span> <span class='ocrx_word' id='word_1_115' title='bbox 735 1923 766 1953; x_wconf 91' lang='lat' dir='ltr'><strong>a</strong></span> <span class='ocrx_word' id='word_1_116' title='bbox 818 1907 925 1954; x_wconf 86' lang='lat' dir='ltr'><strong>basi</strong></span> <span class='ocrx_word' id='word_1_117' title='bbox 973 1909 1039 1955; x_wconf 87' lang='lat' dir='ltr'><strong>ad</strong></span> <span class='ocrx_word' id='word_1_118' title='bbox 1091 1912 1292 1974; x_wconf 85' lang='lat' dir='ltr'>apicem</span> 
     </span>
     <span class='ocr_line' id='line_1_28' title="bbox 184 1975 735 2020; baseline 0 -1"><span class='ocrx_word' id='word_1_119' title='bbox 184 1975 372 2020; x_wconf 83' lang='lat' dir='ltr'><strong>sensim</strong></span> <span class='ocrx_word' id='word_1_120' title='bbox 407 1983 735 2019; x_wconf 84' lang='lat' dir='ltr'><strong>attenuatum.</strong></span> 
     </span>
    </p>

    <p class='ocr_par' dir='ltr' id='par_1_12' title="bbox 124 2034 1294 2360">
     <span class='ocr_line' id='line_1_29' title="bbox 124 2034 1294 2103; baseline 0.004 -20"><span class='ocrx_word' id='word_1_121' title='bbox 124 2040 202 2098; x_wconf 83' lang='lat'><strong>19)</strong></span> <span class='ocrx_word' id='word_1_122' title='bbox 245 2036 571 2102; x_wconf 71' lang='lat' dir='ltr'><strong>lingulacam</strong></span> <span class='ocrx_word' id='word_1_123' title='bbox 619 2051 656 2083; x_wconf 81' lang='lat' dir='ltr'><strong>s.</strong></span> <span class='ocrx_word' id='word_1_124' title='bbox 707 2037 1046 2103; x_wconf 78' lang='lat' dir='ltr'><strong>linguzforme</strong></span> <span class='ocrx_word' id='word_1_125' title='bbox 1060 2040 1082 2092; x_wconf 42' lang='grc' dir='ltr'><em>ᾖ</em></span> <span class='ocrx_word' id='word_1_126' title='bbox 1153 2034 1294 2101; x_wconf 75' lang='lat' dir='ltr'>cujus</span> 
     </span>
     <span class='ocr_line' id='line_1_30' title="bbox 186 2098 1292 2166; baseline 0.004 -18"><span class='ocrx_word' id='word_1_127' title='bbox 186 2101 434 2148; x_wconf 85' lang='lat' dir='ltr'><strong>diameter</strong></span> <span class='ocrx_word' id='word_1_128' title='bbox 444 2098 784 2148; x_wconf 83' lang='lat' dir='ltr'><strong>transversalis</strong></span> <span class='ocrx_word' id='word_1_129' title='bbox 802 2100 1161 2166; x_wconf 82' lang='lat' dir='ltr'><strong>longitudinali</strong></span> <span class='ocrx_word' id='word_1_130' title='bbox 1214 2103 1292 2153; x_wconf 87' lang='lat' dir='ltr'><strong>lus</strong></span> 
     </span>
     <span class='ocr_line' id='line_1_31' title="bbox 185 2122 1294 2232; baseline 0.004 -20"><span class='ocrx_word' id='word_1_131' title='bbox 185 2183 339 2231; x_wconf 88' lang='lat' dir='ltr'><strong>quam</strong></span> <span class='ocrx_word' id='word_1_132' title='bbox 373 2164 523 2231; x_wconf 89' lang='lat' dir='ltr'><strong>triplo</strong></span> <span class='ocrx_word' id='word_1_133' title='bbox 558 2165 786 2219; x_wconf 86' lang='lat' dir='ltr'><strong>brevior,</strong></span> <span class='ocrx_word' id='word_1_134' title='bbox 841 2167 983 2232; x_wconf 89' lang='lat' dir='ltr'><strong>quod</strong></span> <span class='ocrx_word' id='word_1_135' title='bbox 1027 2184 1148 2217; x_wconf 87' lang='lat' dir='ltr'><strong>vero</strong></span> <span class='ocrx_word' id='word_1_136' title='bbox 1178 2122 1294 2216; x_wconf 44' lang='lat' dir='ltr'><strong>{ati-</strong></span> 
     </span>
     <span class='ocr_line' id='line_1_32' title="bbox 182 2230 1294 2296; baseline 0.004 -19"><span class='ocrx_word' id='word_1_137' title='bbox 182 2231 415 2278; x_wconf 85' lang='lat' dir='ltr'><strong>tudinem</strong></span> <span class='ocrx_word' id='word_1_138' title='bbox 448 2230 640 2296; x_wconf 85' lang='lat' dir='ltr'><strong>ubique</strong></span> <span class='ocrx_word' id='word_1_139' title='bbox 680 2231 790 2278; x_wconf 87' lang='lat' dir='ltr'><strong>fere</strong></span> <span class='ocrx_word' id='word_1_140' title='bbox 834 2231 1101 2296; x_wconf 86' lang='lat' dir='ltr'><strong>aequalem</strong></span> <span class='ocrx_word' id='word_1_141' title='bbox 1135 2232 1294 2282; x_wconf 90' lang='lat' dir='ltr'><strong>habet</strong></span> 
     </span>
     <span class='ocr_line' id='line_1_33' title="bbox 185 2295 1084 2360; baseline 0 -17"><span class='ocrx_word' id='word_1_142' title='bbox 185 2308 236 2344; x_wconf 94' lang='lat' dir='ltr'><strong>et</strong></span> <span class='ocrx_word' id='word_1_143' title='bbox 271 2298 416 2360; x_wconf 90' lang='lat' dir='ltr'>apice</span> <span class='ocrx_word' id='word_1_144' title='bbox 448 2295 778 2343; x_wconf 82' lang='lat' dir='ltr'><strong>rotundatum</strong></span> <span class='ocrx_word' id='word_1_145' title='bbox 814 2309 901 2343; x_wconf 85' lang='lat' dir='ltr'><strong>est.</strong></span> <span class='ocrx_word' id='word_1_146' title='bbox 1081 2356 1084 2358; x_wconf 15' lang='lat' dir='ltr'>v</span> 
     </span>
    </p>

    <p class='ocr_par' dir='ltr' id='par_1_13' title="bbox 119 2359 1286 2491">
     <span class='ocr_line' id='line_1_34' title="bbox 119 2359 1286 2428; baseline 0.003 -21"><span class='ocrx_word' id='word_1_147' title='bbox 119 2364 202 2421; x_wconf 87' lang='lat'><strong>20)</strong></span> <span class='ocrx_word' id='word_1_148' title='bbox 237 2361 470 2414; x_wconf 77' lang='lat' dir='ltr'><strong>lineare,</strong></span> <span class='ocrx_word' id='word_1_149' title='bbox 507 2359 649 2426; x_wconf 89' lang='lat' dir='ltr'><strong>quod</strong></span> <span class='ocrx_word' id='word_1_150' title='bbox 684 2373 951 2425; x_wconf 85' lang='lat' dir='ltr'><strong>angustum</strong></span> <span class='ocrx_word' id='word_1_151' title='bbox 984 2375 1035 2410; x_wconf 90' lang='lat' dir='ltr'><strong>et</strong></span> <span class='ocrx_word' id='word_1_152' title='bbox 1060 2365 1204 2428; x_wconf 88' lang='lat' dir='ltr'><strong>quasi</strong></span> <span class='ocrx_word' id='word_1_153' title='bbox 1228 2363 1286 2411; x_wconf 86' lang='lat' dir='ltr'><strong>li-</strong></span> 
     </span>
     <span class='ocr_line' id='line_1_35' title="bbox 184 2425 880 2491; baseline 0.004 -20"><span class='ocrx_word' id='word_1_154' title='bbox 184 2428 292 2472; x_wconf 87' lang='lat' dir='ltr'><strong>neis</strong></span> <span class='ocrx_word' id='word_1_155' title='bbox 326 2425 580 2491; x_wconf 87' lang='lat' dir='ltr'><strong>parallelis</strong></span> <span class='ocrx_word' id='word_1_156' title='bbox 614 2425 880 2474; x_wconf 83' lang='lat' dir='ltr'><strong>inclusum.</strong></span> 
     </span>
    </p>

    <p class='ocr_par' dir='ltr' id='par_1_14' title="bbox 121 2488 1290 2614">
     <span class='ocr_line' id='line_1_36' title="bbox 121 2488 1290 2555; baseline 0.003 -18"><span class='ocrx_word' id='word_1_157' title='bbox 121 2492 203 2552; x_wconf 83' lang='lat'><strong>21)</strong></span> <span class='ocrx_word' id='word_1_158' title='bbox 237 2488 566 2543; x_wconf 67' lang='lat' dir='ltr'><strong>stabulacum,</strong></span> <span class='ocrx_word' id='word_1_159' title='bbox 603 2491 745 2555; x_wconf 88' lang='lat' dir='ltr'><strong>quod</strong></span> <span class='ocrx_word' id='word_1_160' title='bbox 781 2503 1045 2554; x_wconf 80' lang='lat' dir='ltr'><strong>angustum</strong></span> <span class='ocrx_word' id='word_1_161' title='bbox 1071 2505 1122 2540; x_wconf 90' lang='lat' dir='ltr'><strong>et</strong></span> <span class='ocrx_word' id='word_1_162' title='bbox 1148 2509 1178 2539; x_wconf 90' lang='lat' dir='ltr'><strong>a</strong></span> <span class='ocrx_word' id='word_1_163' title='bbox 1202 2492 1290 2540; x_wconf 87' lang='lat' dir='ltr'><strong>ba·</strong></span> 
     </span>
     <span class='ocr_line' id='line_1_37' title="bbox 184 2555 1179 2614; baseline 0.003 -13"><span class='ocrx_word' id='word_1_164' title='bbox 184 2557 226 2601; x_wconf 89' lang='lat' dir='ltr'><strong>si</strong></span> <span class='ocrx_word' id='word_1_165' title='bbox 260 2571 381 2601; x_wconf 85' lang='lat' dir='ltr'><strong>mox</strong></span> <span class='ocrx_word' id='word_1_166' title='bbox 415 2566 731 2602; x_wconf 84' lang='lat' dir='ltr'><strong>attenuatum</strong></span> <span class='ocrx_word' id='word_1_167' title='bbox 763 2555 975 2604; x_wconf 86' lang='lat' dir='ltr'><strong>subulae</strong></span> <span class='ocrx_word' id='word_1_168' title='bbox 1009 2560 1179 2614; x_wconf 69' lang='lat' dir='ltr'><strong>instar.</strong></span> 
     </span>
    </p>

    <p class='ocr_par' dir='ltr' id='par_1_15' title="bbox 120 2619 1291 2686">
     <span class='ocr_line' id='line_1_38' title="bbox 120 2619 1291 2686; baseline 0 -19"><span class='ocrx_word' id='word_1_169' title='bbox 120 2621 203 2683; x_wconf 80' lang='lat'><strong>22)</strong></span> <span class='ocrx_word' id='word_1_170' title='bbox 242 2619 913 2674; x_wconf 60' lang='lat' dir='ltr'><strong>attenuato-submutant,-</strong></span> <span class='ocrx_word' id='word_1_171' title='bbox 978 2621 1119 2686; x_wconf 86' lang='lat' dir='ltr'><strong>quod</strong></span> <span class='ocrx_word' id='word_1_172' title='bbox 1180 2619 1291 2669; x_wconf 84' lang='lat' dir='ltr'><strong>basi</strong></span> 
     </span>
    </p>
   </div>
   <div class='ocr_carea' id='block_1_3' title="bbox 754 2684 786 2731">
    <p class='ocr_par' dir='ltr' id='par_1_16' title="bbox 754 2684 786 2731">
     <span class='ocr_line' id='line_1_39' title="bbox 754 2684 786 2731; baseline 0 -2"><span class='ocrx_word' id='word_1_173' title='bbox 754 2684 786 2731; x_wconf 88' lang='lat' dir='ltr'>b</span> 
     </span>
    </p>
   </div>
  </div>
 </body>
</html>
