1677 2955
279 123 416 156 ‘XXXX

610 220 930 279 Lichenibus,
959 218 1051 265 sed
1075 217 1385 283 Sphaerulae
1411 217 1607 264 semini-

606 286 699 333 bus
736 285 1102 341 concatenatis,
1139 295 1188 331 et
1219 285 1273 329 in
1306 282 1479 329 nuclei
1510 279 1613 329 for—⁴

601 367 739 397 mam
774 347 1103 413 conglobatis,
1139 346 1386 412 repletae,
1421 346 1604 406 latent,

607 432 650 462 e.
690 433 732 479 g.
769 416 1084 481 Verrqcaria.

511 498 539 529 ε.
583 481 742 526 Trica
775 496 812 526 s.
851 478 1085 542 Gyroma
1127 488 1201 524 est
1239 475 1482 523 thalamus
1527 491 1607 522 or-

606 543 843 591 bicularis
876 542 1081 601 sessilis,
1117 542 1260 606 plicis
1294 541 1495 589 elevatis
1528 557 1611 587 va-

606 611 683 655 rio
712 609 869 655 modo
895 623 1049 671 saepe
1070 606 1319 671 spiraliter
1341 607 1610 664 contortis,

605 672 1039 738 longitudinaliter
1060 672 1200 718 linea
1225 668 1363 718 tenui
1378 686 1614 735 rumpen-

606 739 739 786 tibus
769 751 819 784 et
853 737 1081 802 capsulas
1117 742 1627 801 octospermasfcon·v

609 803 897 862 tinentibus,
925 802 1128 859 obsitus,
1158 818 1199 849 e.
1229 819 1273 865 g.
1295 800 1610 865 Gyrophora.

514 865 558 929 ξ.
595 869 797 915 Lz'rella
849 880 924 914 est
963 866 1213 913 thalamus
1246 865 1426 913 sessilis
1459 865 1615 915 linea-

610 935 676 980 ris
693 935 982 987 incurvatus
1008 944 1058 979 et
1081 931 1334 991 flexuosis,
1352 929 1489 978 linea
1506 929 1616 976 lon'-

610 997 878 1062 gitudinali
903 998 1042 1043 tenui
1076 1012 1328 1060 rumpens,
1367 994 1618 1060 capsulas-

613 1078 716 1127 que
752 1074 1110 1126 octospermas,
1145 1074 1201 1107 ut
1224 1063 1278 1108 in
1302 1059 1508 1126 reliquis
1535 1062 1616 1106 Li-

610 1126 875 1185 chenibus,
937 1128 1201 1175 continens
1223 1162 1238 1185 ,
1305 1141 1348 1173 e.
1391 1142 1435 1190 g.
1481 1126 1621 1189 Ope-

611 1191 815 1255 grapha.
1031 1204 1057 1223 “-
1120 1216 1124 1220 ’

516 1273 555 1305 n.
594 1256 851 1302 Globulus
885 1267 960 1301 est
991 1253 1241 1302 thalamus
1277 1271 1306 1301 a
1339 1253 1495 1301 thallo
1517 1253 1620 1300 for-

611 1333 774 1366 matus
822 1319 1057 1383 globosus
1110 1319 1356 1367 deciduus
1409 1332 1460 1365 et
1505 1331 1621 1383 post

609 1384 806 1449 lapsum
831 1386 884 1430 in
909 1384 1065 1430 thallo
1084 1383 1288 1432 foveam
1310 1383 1618 1449 relinquens,

614 1465 656 1497 e.
695 1468 738 1513 g.
775 1449 996 1503 Isidium.

517 1515 576 1564 θ.
612 1514 870 1559 Ρίίίιῖίιινη
920 1526 993 1559 est
1032 1512 1279 1560 thalamus
1325 1513 1619 1561 orbicularis

612 1577 1071 1641 haemisphaericus
1127 1581 1264 1642 cujus
1321 1590 1484 1625 crusta
1535 1577 1621 1626 ex-

613 1654 760 1689 terna
792 1644 846 1688 in
887 1642 1149 1707 pulverem
1190 1642 1487 1690 seminalem
1524 1642 1620 1689 dis-

611 1706 820 1753 solvitur
854 1723 896 1754 e.
934 1725 977 1771 g.
1015 1706 1290 1767 Calycium.

515 1788 544 1820 ι.
581 1771 784 1816 Cz'sczcla
812 1782 885 1817 est
910 1771 1158 1822 thalamus
1180 1774 1398 1835 primum
1427 1772 1621 1820 clausus

610 1833 946 1898 subglobosus
980 1853 1008 1881 a
1033 1836 1249 1898 pedetiis
1280 1850 1430 1897 ortus,
1471 1839 1622 1884 inter-

614 1913 681 1944 ne
717 1899 993 1946 seminibus
1019 1899 1114 1946 filis
1141 1899 1263 1946 hinc
1289 1901 1411 1948 inde
1439 1901 1623 1948 cohae-
1644 1909 1649 1914 “

609 1963 833 2010 rentibus
866 1967 919 2009 in
954 1961 1373 2012 nuclei-formam
1415 1966 1623 2030 conglo-

614 2025 770 2085 batis,
806 2027 1050 2092 repletus‚
1107 2027 1314 2076 demum
1346 2030 1623 2096 inaequali-

623 2103 701 2138 ter
739 2089 975 2141 fatiscens
1016 2108 1059 2140 e.
1096 2110 1140 2157 g.
1175 2093 1620 2159 Sphaerophoron.

519 2174 560 2208 κ.
602 2156 877 2203 orbiculus
921 2170 995 2204 est
1038 2156 1286 2206 thalamus
1330 2160 1621 2207 orbicularis

615 2222 854 2285 utrinque
888 2221 1068 2285 planus
1102 2225 1156 2268 in
1188 2223 1400 2286 perideo
1438 2224 1622 2286 cyathi-

615 2283 767 2333 formi
799 2286 1095 2333 Nidulariae
1130 2292 1450 2350 proveniens.

518 2356 566 2400 λ.
603 2348 814 2396 Scroma
850 2363 924 2397 est
946 2350 1190 2400 thalamus
1215 2353 1622 2418 irregularisstu-

616 2429 770 2477 posus
828 2433 930 2480 quo
988 2414 1288 2479 sphaerulae
1353 2421 1620 2469 immersae

614 2491 729 2528 sunt
765 2495 807 2527 e.
846 2498 891 2544 g.
928 2479 1184 2544 Sphaeria.

896 2616 898 2618 .
935 2566 992 2611 Ὠ-
