1677 2955
231 126 329 177 230
516 115 997 166 CRYPTOGAMIA
1034 117 1290 167 FILICES.

291 231 455 288 paucis
485 231 746 272 instructus.
807 229 952 270 Frons
980 228 1166 286 pedalis
1194 231 1275 272 vel
1301 227 1566 287 quadripe-

292 288 410 331 dalis
428 285 642 346 pinnata.
704 288 877 330 Pinnae
899 302 1018 329 sex·
1047 288 1126 329 vel
1148 286 1566 344 quindecimlinea-

294 362 366 389 res
393 349 698 390 lanceolacae
739 359 937 391 acutae,
980 349 1114 404 apice
1155 346 1321 389 obtuse
1357 358 1567 388 ,ςενναιαε

291 406 514 462 glabrae,
558 421 704 463 supra
735 406 796 447 ad
827 408 1079 462 marginem
1116 409 1300 462 punctis
1333 406 1448 447 albis
1478 421 1567 446 no-

295 462 450 510 tatae,
487 466 581 507 basi
610 469 851 521 superiore
883 474 1134 507 truncatae
1174 476 1309 506 acute
1347 477 1390 506 et
1421 464 1564 506 brevi-

294 535 369 575 ter
388 525 703 568 auriculatae,
741 523 968 583 inferiore
996 525 1155 566 leviter
1187 521 1433 564 cordatae.
1465 522 1569 564 Sori

293 585 499 625 solitarii
546 584 838 641 marginales.
930 582 987 623 In
1017 581 1282 642 frondibus
1327 580 1570 639 pedalibus

291 646 469 701 pinnae
503 646 638 700 apice
671 643 1111 684 obsolete.serratae
1132 653 1266 685 sunt,
1301 644 1350 682 in
1374 640 1567 698 quadri-

293 701 532 759 pedalibus
561 716 676 743 vero
713 700 779 742 ad
809 702 1013 744 medium
1047 714 1197 760 usque
1225 702 1471 743 serraturis
1499 702 1571 741 in-

291 771 509 803 structae.
571 760 647 802 W.
1267 758 1271 763 ’

235 848 260 870 '⁶
292 860 369 908 35.
404 832 729 909 ASPIDIUM
764 850 1143 915 sesquipedale.
1227 851 1314 900 W·

293 929 349 973 A.
381 929 627 972 frondibus
660 931 883 987 pinnatis,
927 932 1082 987 pinnis
1124 928 1396 971 lanceolatis
1428 930 1575 971 acutis

357 990 489 1045 apice
513 989 842 1039 subbiserratis,
865 1004 1002 1046 supra
1025 992 1230 1045 margine
1252 989 1574 1047 nigro-punc·
1614 1037 1616 1039 ,

353 1050 480 1099 tatis,
515 1047 609 1089 basi
642 1050 883 1105 superiore
911 1046 1434 1090 truncato-auriculatis
1466 1061 1576 1089 acu-

323 1105 328 1109 ’
354 1107 437 1158 tis,
469 1105 696 1148 inferiore
728 1106 1028 1156 abbreviatis,
1072 1109 1187 1149 soris
1211 1105 1427 1149 solitariis
1457 1119 1576 1148 mar-

357 1164 601 1221 ginalibus,
634 1167 792 1221 stipite
826 1164 1064 1220 paleaceo.
1126 1166 1200 1207 W.

297 1221 776 1280 Anderthalbfussiger
807 1223 1108 1265 Wurmfarrn.
1171 1224 1244 1266 W.

297 1281 492 1325 Habitat:
521 1286 569 1324 iu
591 1281 794 1325 Brasilia.
835 1296 888 1340 24¹.
933 1283 997 1338 (v.
1024 1286 1077 1341 s.)
1147 1281 1309 1324 Comes
1339 1282 1399 1325 de
1429 1279 1577 1340 Hoff-

357 1355 620 1398 mannsegg.

378 1438 381 1441 Α
413 1399 567 1458 Stipes
599 1402 689 1441 tri-
721 1403 801 1442 vel
831 1400 1248 1457 quadripollicaris
1288 1398 1460 1442 nitidus
1488 1414 1580 1458 pa-

296 1459 514 1502 leac‘eus.⁴
584 1458 751 1501 Rachis
800 1459 1046 1518 profunde
1089 1459 1412 1500 canaliculata
1453 1470 1501 1500 et
1530 1462 1580 1500 in

302 1518 623 1562 canaliculata
653 1529 792 1575 parte
814 1519 1253 1575 piloso-paleacea.
1317 1518 1458 1558 Frons
1489 1531 1578 1558 ses-

299 1579 411 1634 qui-
449 1579 530 1618 vel
565 1575 796 1634 bipedalis
830 1579 1046 1634 pinnata.
1120 1576 1295 1618 Pinnae
1325 1577 1583 1634 pollicares

301 1649 348 1678 et
378 1636 616 1693 longiores
641 1636 838 1693 glabrae
878 1647 1075 1680 acutae,
1119 1638 1254 1692 apice
1294 1647 1435 1676 acute
1473 1638 1582 1676 sim-

297 1695 488 1752 pliciter
520 1707 565 1735 et
597 1694 879 1739 biserratae,
914 1693 1017 1735 basi
1047 1697 1290 1752 superiore
1323 1705 1582 1735 truncatae

301 1754 499 1800 breviter
539 1755 845 1796 auriculatae
896 1764 1100 1797 acutae,
1157 1753 1384 1813 inferiore
1436 1752 1583 1794 valde

302 1812 617 1856 abbreviatae,
654 1823 707 1853 ut
731 1812 846 1871 fere
878 1810 1153 1853 dimidiatae
1183 1812 1421 1854 videntur.
1485 1811 1583 1854 Ve-

300 1885 389 1914 nae
421 1869 485 1912 ad
514 1874 773 1927 marginem
803 1874 853 1911 in
882 1874 1127 1928 superiore
1157 1874 1335 1928 pagina
1356 1875 1404 1912 in
1435 1886 1584 1929 punc·—

301 1943 352 1972 ta
381 1932 666 1987 nigricantia
697 1932 1025 1971 terminantur.
1087 1929 1186 1970 Sori
1207 1929 1488 1971 subrotandi
1507 1945 1582 1971 so-

302 1989 449 2032 litarii
489 1990 785 2043 marginales.
862 1986 1019 2028 Valde
1059 1988 1206 2030 simile
1245 1988 1303 2028 A.
1338 1991 1582 2032 exaltato,

301 2047 383 2091 secl
413 2048 566 2104 pinnis
588 2062 686 2089 non
709 2048 814 2088 albo
831 2049 1123 2103 ·punctatis‚
1169 2057 1340 2104 argute
1363 2047 1586 2090 subbiser-

304 2107 443 2151 ratis,
499 2108 598 2148 basi
638 2105 868 2166 inferiore
912 2103 1174 2147 admodum
1217 2109 1477 2148 attenuatis
1514 2104 1586 2148 di-

302 2180 490 2208 versum.
550 2165 625 2207 W.
682 2189 686 2191 ·

246 2261 267 2285 *
302 2267 380 2318 36.
415 2257 739 2309 ASPIDIUM
771 2256 1083 2320 ensisolium.

304 2339 358 2381 A.
391 2336 635 2380 frondibus
668 2338 891 2394 pinnatis,
924 2337 1079 2394 pinnis
1112 2336 1387 2381 lanceolatis
1411 2336 1588 2378 acumi-

364 2398 483 2439 natis
514 2395 767 2449 serrulatis,
806 2395 903 2438 basi
947 2396 1177 2448 cuneafis,
1218 2397 1460 2452 superiore
1501 2393 1589 2435 ob-

336 2464 340 2469 *
366 2465 468 2498 tuse
499 2454 670 2498 leviter
701 2454 984 2507 auriculatis,
1023 2455 1137 2496 soris
1169 2453 1388 2496 solitariis
1420 2453 1591 2510 margi-

365 2513 568 2564 nalibus,
601 2516 762 2572 stipite
793 2513 969 2573 glabro.
1031 2514 1105 2556 W.

309 2574 360 2616 A.
394 2572 633 2616 frondibus
665 2574 888 2631 pinnatis,
929 2573 1084 2630 pinnis
1128 2570 1454 2616 ensiformibus
1492 2568 1590 2629 gla-
