1677 2955
1188 132 1351 163 XXXIII

273 231 519 295 pertinet,
546 230 797 276 invenitur
816 228 880 275 ad
899 227 1044 276 basin
1063 241 1216 287 setae,
1244 245 1347 294 qua
1372 253 1375 261 ·

277 295 423 342 theca
457 292 759 352 suffulcitur,
815 305 864 340 et
909 306 983 341 est
1016 292 1226 340 inferior
1262 309 1346 340 co·
1398 300 1401 305 '

268 358 433 406 follae
466 371 658 405 mutata
695 372 744 406 et
777 374 1041 406 remanens
1076 356 1205 422 pars.
1244 360 1286 420 *)

210 425 261 487 β.
306 425 554 489 Calyptrcz
598 423 672 470 est
712 427 941 485 superior
975 423 1200 471 corollae
1234 440 1343 469 mu-

276 501 378 536 tata
410 504 548 552 pars,
586 502 718 551 quae
752 490 806 532 in
839 492 984 552 apice
1011 489 1199 535 'thecae
1225 486 1345 535 hae—

275 566 374 611 ret,
412 565 462 600 et
493 563 866 598 maturescente
899 554 1046 600 theca
1069 552 1221 600 facile
1258 553 1344 599 de-

277 617 411 666 cidit.
480 617 686 681 Species
727 629 865 662 sunt:
931 618 977 678 1)
1012 624 1248 683 integra,
1289 620 1345 679 2).

275 682 590 733 dimidiata,
626 684 676 743 3)
714 682 1119 745 campanulum,
1160 685 1212 744 4)
1249 683 1346 727 vil-

275 747 416 798 losa,
467 748 514 808 5)
546 745 808 811 *szcbpilosci
851 746 1346 811 (paraphysiphora)

231 809 235 813 ’
276 814 454 876 paucis
499 809 612 876 pilis
662 814 926 870 instructa,
985 815 1032 873 6)
1072 811 1265 875 glabra
1306 829 1343 860 S.

278 878 471 928 laevis,
509 891 642 941 quae
675 873 824 923 nullis
856 875 971 941 pilis
992 875 1260 936 instructa,
1295 879 1348 940 7).

279 941 523 988 dentata.

213 1024 279 1071 Ὺ..
302 1006 614 1069 Operczilmn
650 1018 724 1053 est
759 1022 940 1070 corpus
975 1005 1348 1062 subrotundum

221 1128 229 1132 Ὦ
278 1071 458 1118 thecae
508 1070 756 1118 orificium
807 1068 1062 1119 claudens.
1138 1070 1347 1135 Species

276 1147 416 1182 sunt:
497 1138 542 1197 1)
590 1153 910 1188 convexum,
989 1139 1039 1198 2)
1077 1140 1347 1188 conicum,

274 1203 326 1262 3)
364 1211 609 1251 acutum,
652 1202 702 1262 4)
739 1203 1133 1251 acmnilzczczim,
1181 1203 1230 1262 5)
1268 1219 1348 1247 ro-

276 1259 526 1315 scra‘cam,
565 1265 706 1329 quod
741 1268 974 1313 acumine
1006 1264 1161 1328 longo
1183 1267 1350 1312 incur-

276 1342 395 1376 vato
428 1332 745 1388 instructum,
783 1333 831 1393 6)
863 1331 1119 1394 planum,
1156 1332 1202 1391 7)
1241 1348 1350 1376 mu—

280 1406 586 1452 cronacum,
615 1397 665 1457 8)
689 1395 1044 1459 apiczilczczim‚
1073 1394 1215 1459 quod
1239 1412 1349 1440 mu-

283 1475 492 1506 cronem
525 1459 679 1524 longe
721 1460 1029 1524 productum
1070 1459 1247 1519 habet,
1298 1463 1349 1522 9)

279 1524 572 1577 adnabam,
634 1525 773 1590 quod
814 1538 952 1572 arcte
998 1541 1112 1571 cum
1157 1523 1348 1572 orificio

282 1587 526 1636 cohaeret
569 1602 723 1655 atque
764 1607 1027 1655 nunquam
1072 1589 1263 1636 decidit
1305 1605 1347 1637 e,

281 1669 324 1717 g.
357 1653 619 1702 Phasculn.
1378 1698 1382 1701 Δ

352 1720 412 1765 In
436 1720 707 1767 Andreaea
740 1718 1037 1784 operculum
1073 1718 1353 1766 admodum

279 1798 491 1846 parvum
526 1796 612 1843 est,
651 1797 700 1832 et
734 1784 795 1832 ab
822 1783 1070 1831 Ehrharto
1100 1784 1352 1847 Gonjunc-

280 1859 468 1900 tonum
501 1851 804 1910 nominatur.

217 1904 264 1963 ὃ.
289 1913 658 1960 Peristomiam
692 1931 725 1962 s.
759 1917 1054 1961 Periscomcl
1079 1926 1153 1962 est
1175 1930 1352 1980 margo
1417 1923 1420 1927 '

284 1975 464 2024 orificii
499 1977 691 2028 thecae.
756 1980 963 2045 Species
996 1992 1138 2026 sunt:

288 2043 334 2103 1)
373 2043 609 2096 nudum,
647 2045 788 2110 quod
824 2044 1016 2104 absque
1052 2044 1301 2093 dentibus.

284 2108 335 2170 2)
356 2106 688 2171 figuratum,
726 2109 867 2174 quod
895 2106 1127 2157 dentibus
1149 2112 1354 2158 instruc-

357 2181 475 2223 tum.
542 2174 701 2236 Hujus
735 2178 930 2239 species
963 2188 1099 2222 sunt:

388 2244 449 2293 a)
483 2238 673 2287 ordine
706 2241 925 2305 simplici
956 2241 1269 2292 dentatum,
1311 2243 1355 2287 si

33 2484 69 2535 ⁴)
97 2487 279 2536 Vaginula
305 2488 463 2525 occurrit
482 2488 594 2525 etiam
619 2488 667 2524 ad
691 2489 795 2524 basin
821 2501 918 2525 setae
942 2490 982 2525 in
999 2490 1296 2538 Juugermanniis
1321 2501 1357 2526 et

151 2536 370 2618 §imumque
397 2535 496 2584 calyx
529 2546 780 2586 nuncupatur,
821 2537 886 2573 sed
923 2551 944 2573 a
977 2538 1097 2587 calyce
1131 2538 1272 2586 origine
1305 2548 1360 2573 est-

83 2613 87 2616 .
180 2592 305 2618 wei-sa.
562 2599 565 2603 ·
980 2607 999 2610 ,,

830 2647 861 2680 G
