1677 2955
1210 136 1364 167 XXXIX.

250 237 305 296 3)
340 230 630 299 particum,
689 232 834 298 quod
875 249 905 279 a
947 231 1243 297 peripheria
1286 233 1353 282 ad

315 314 544 348 centrum
589 300 804 346 incisum
848 315 890 345 e.
929 316 972 362 g.
1023 299 1348 349 Marchantia.

250 367 302 427 9)
335 366 598 417 lobacum,
638 363 778 430 quod
812 362 946 411 lobis
981 366 1206 413 excisum
1241 380 1283 413 e.
1300 382 1345 430 g.

313 430 633 479 Marchantia
667 428 988 494 chenopoda.

253 497 331 559 10)
367 500 690 550 cruciatum,
724 494 868 562 quod
901 497 954 544 in
986 492 1205 541 formam
1241 510 1348 542 cru-

311 563 380 609 cis
414 564 653 627 partitum
689 577 729 609 e.
769 579 813 626 g.
850 559 1216 625 Staurophora.

247 628 327 690 11)
361 628 712 694 angulatum,
747 625 892 694 quod
926 627 1352 692 circumscriptio-

128 737 131 739 ,
306 693 373 740 'ne
409 691 702 757 angulatum
737 708 780 741 e,
817 709 862 757 g.
897 692 1210 758 Equisetum.

140 754 195 818 b)
235 757 527 805 Thalamus
560 756 921 823 (Apothecium
945 757 1209 818 Acharius)
1239 772 1348 803 cor-

200 840 294 888 pus
306 822 470 871 forma
480 824 874 876 indeterminata
886 823 1128 889 gaudens,
1141 825 1223 871 cui
1234 838 1347 887 cap-

202 888 343 936 sulae
364 888 446 937 vel
462 893 659 940 semina,
682 893 939 944 immersa„
969 890 1185 954 Species.
1204 901 1341 936 sunt:

234 972 284 1003 α.
324 955 486 1002 Pelea
541 968 617 1003 est
676 954 937 1005 thalamus
980 953 1341 1008 subcoriaceus

326 1023 542 1085 margini
574 1020 718 1068 thalli
745 1020 1053 1078 adhaerens,
1087 1022 1343 1084 immargi-

325 1099 472 1132 natus
507 1085 590 1134 vel
613 1089 843 1150 margine
870 1087 1135 1137 acessorio,
1154 1088 1342 1133 tenuis-

327 1153 455 1199 simo
492 1154 708 1210 cinctus,
747 1163 865 1198 ante
882 1150 1166 1215 perfectam
1187 1149 1343 1214 expli-

262 1261 265 1263 .
326 1220 584 1264 cationem
618 1216 920 1268 membrana
942 1218 1234 1266 tenuissima
1257 1231 1343 1280 ge-

318 1281 563 1341 latinosa,
603 1281 810 1329 demum
845 1293 1203 1340 evanescente,
1251 1279 1342 1327 ob-

325 1347 526 1407 ductus,
562 1363 605 1395 e.
642 1365 685 1412 g.
721 1346 968 1397 Peltidea.

227 1412 279 1476 β.
322 1412 559 1459 Scucella
609 1425 698 1460 est·
732 1411 983 1460 thalamus
1040 1410 1340 1459 orbicularis

322 1477 507 1526 sessilis
542 1479 879 1544 margineque
905 1496 935 1525 a
960 1477 1120 1525 thallo
1154 1476 1339 1524 forma·

321 1554 376 1589 to
413 1542 753 1591 circumdatus
790 1559 833 1592 e.
870 1561 916 1608 g.
951 1541 1220 1594 Parmelia.
1278 1544 1339 1588 In

321 1608 500 1656 Usneis
541 1608 747 1669 Acharii
790 1621 865 1656 est
909 1607 1092 1655 eadem
1125 1606 1337 1654 thalami

319 1677 519 1738 species
563 1676 704 1736 cujus
746 1690 923 1737 margo
968 1690 998 1719 a
1040 1671 1196 1720 thallo
1229 1670 1337 1717 fila-

321 1752 556 1786 mentoso
593 1751 668 1785 est
699 1737 968 1797 formatus,
1011 1737 1075 1784 ab
1110 1736 1334 1784 Achario

321 1803 413 1850 sub
459 1802 689 1850 Orbillae
729 1805 942 1850 nomine
976 1801 1338 1866 distinguitur,

318 1868 408 1915 sed
427 1883 523 1932 ego
545 1867 890 1915 differentiam
908 1867 1099 1919 nullam
1110 1869 1337 1914 invenio.

219 1952 270 1998 ‘J‘
303 1933 578 1981 Patellula
621 1946 699 1983 est,
739 1932 991 1985 thalamus
1036 1932 1336 1983 orbicularis

321 1997 504 2046 sessilis
554 2000 781 2063 margine
818 2015 847 2044 a
881 1996 1038 2044 thallo
1081 2015 1189 2045 non
1230 1996 1333 2044 for-

320 2076 477 2123 mato,
514 2064 607 2111 sed
634 2081 664 2111 e
685 2063 966 2111 substantia
998 2066 1157 2128 ipsius,
1187 2064 1340 2114 Pate-

319 2128 476 2175 lullae
510 2140 646 2189 orto,
684 2131 901 2188 cinctus,
940 2145 985 2178 e·
1011 2145 1059 2193 g.
1092 2127 1337 2178 Lecidea.

322 2195 709 2258 Ceplzalodium
757 2193 963 2243 Acharii
1011 2211 1040 2241 a
1081 2191 1334 2240 Patellula

318 2276 427 2306 non
452 2257 660 2306 differre
682 2258 897 2317 videtur,
933 2260 1030 2306 nisi
1056 2257 1200 2323 quod
1223 2273 1333 2304 sae-

318 2327 431 2389 pius
465 2326 702 2389 marginis
729 2340 909 2392 expers
936 2326 1012 2383 sit,
1050 2336 1101 2370 et
1118 2321 1334 2388 figuram

326 2389 630 2456 plerumque
665 2385 994 2454 irregularem
1027 2388 1232 2438 habeat.

225 2447 271 2504 ὃ.
312 2454 665 2501 Tuber-culum
707 2467 781 2502 est
823 2454 1069 2501 thalamus
1108 2452 1337 2518 sphaeri-

327 2535 414 2566 cus
447 2519 528 2567 vel
553 2519 930 2569 subconoideus
954 2518 1245 2567 subclausus
1279 2520 1334 2563 in

331 2600 435 2649 quo
489 2602 596 2634 non
652 2585 912 2652 capsulae·
937 2597 995 2632 ut
1041 2586 1097 2632 in
1130 2582 1337 2647 reliquis
