1677 2955
286 126 779 176 CRYPTOGAMIA
809 126 846 174 F
847 126 1070 176 ILICES.
1249 134 1343 186 429

378 227 494 299 †††
553 239 743 282 Fronde
772 243 987 299 pinnata.

18 333 53 380 ⁹¹.
71 342 119 391 5.
154 333 513 381 ADIANTUM
547 334 973 399 macroplzyllum.

77 412 136 456 A.
169 413 411 456 frondibus
441 415 662 472 pinnatis,
704 415 859 471 pinnis
899 413 1046 456 ovatis
1078 412 1346 455 acuminatis

134 472 230 515 basi
264 475 468 515 cuneatis
508 474 641 530 apice
683 472 904 525 dentatis,
958 473 1071 513 soris
1111 473 1344 515 continuis

132 533 183 574 in
214 542 414 590 utroque
445 533 618 590 pinnae
649 533 867 589 margine.
930 532 1002 575 W.

75 602 130 646 A.
168 601 411 644 frondibus
451 602 671 658 pinnatis,
722 602 877 658 pinnis
926 603 1150 659 oppositis
1188 611 1344 658 trape-

133 660 307 703 zoideis
339 666 503 714 acutis,
543 675 714 702 summa
749 661 936 713 majore,
977 659 1146 703 infimis
1176 660 1344 703 subha-

89 770 91 772 q
133 722 259 762 statis
290 717 484 771 reflexis,
528 718 960 763 fructificationibus
993 735 1205 777 superne.
1226 722 1346 763 anti-

135 793 284 837 ceque
317 780 563 821 continuis.
637 779 808 819 Savus-cz
827 780 885 834 fl.
916 781 1010 822 ind.
1046 780 1191 821 occid.
1223 787 1264 829 5.
1295 794 1343 839 p.

138 840 293 896 1707.*
355 838 515 897 Ejusd.
549 837 687 895 prod.
728 844 819 886 135.

74 896 128 940 A.
161 896 404 940 frondibus
437 899 663 953 pinnatis,
697 899 849 953 pinnis
883 898 1107 954 oppositis
1130 898 1343 955 trapeziis

134 957 298 1007 acutis,
331 956 563 998 sterilibus
592 957 766 1007 incisis,
811 971 977 997 *unwina
1011 957 1191 1009 maiori,
1240 956 1345 999 infi-

133 1018 218 1056 mis
249 1015 520 1057 subhastatis
552 1014 753 1062 reflexis,
780 1015 909 1057 linea
940 1015 1243 1058 fructificante
1265 1032 1344 1057 su-

131 1088 281 1130 perne
316 1085 362 1117 et
403 1077 557 1116 antice
599 1076 833 1121 continua,
904 1075 1070 1118 Swartz
1100 1075 1344 1135 synop.fi-

131 1135 206 1175 lic.
245 1148 339 1175 122.
386 1158 388 1161 .

70 1191 126 1234 A.
159 1191 352 1248 simplet
381 1202 460 1234 aut
491 1194 564 1235 vix
597 1191 811 1245 divisum,
857 1192 986 1236 caule
1016 1195 1174 1246 tereti,
1216 1192 1344 1236 foliis

73 1287 77 1291 .
132 1250 292 1308 amplis
314 1251 664 1308 triangularibus
686 1252 1001 1310 impetiolatis.
1042 1253 1208 1295 Brown
1223 1255 1342 1312 jam.

132 1317 202 1366 87.
234 1323 264 1352 t.
298 1318 367 1359 38.
386 1311 437 1369 f.
477 1321 519 1351 1.'
541 1315 688 1368 pinna
715 1315 888 1355 sterilis.

72 1368 403 1410 Trichomanes
434 1369 573 1426 majus
605 1373 804 1428 nigrum,
836 1372 991 1428 pinnis
1012 1372 1206 1429 trapezii
1228 1371 1344 1429 figu-

132 1441 182 1469 ra
214 1427 437 1470 latissimis
467 1428 699 1473 tenuibus.
785 1429 931 1472 Sloan
971 1443 1058 1472 cac.
1107 1445 1172 1489 17.
1213 1446 1258 1472 n.
1304 1446 1341 1472 1.

164 1517 174 1527 .
208 1494 277 1535 31.

74 1501 448 1602 Gssssblattriger
478 1545 741 1590 Krullfarrn.
803 1549 876 1590 W.

71 1603 269 1646 Habitat
298 1609 348 1646 in
377 1605 502 1661 sylvis
531 1608 750 1649 umbrosis
777 1606 1007 1648 Jamaicae
1040 1618 1084 1648 et
1102 1607 1344 1649 Americae

130 1664 450 1706 meridionalis
481 1663 546 1704 ad
578 1664 764 1706 Caracas
799 1676 847 1705 et
878 1665 1055 1722 Caripe.
1089 1679 1142 1723 ζμ,
1187 1669 1252 1721 (v.
1285 1671 1340 1725 s.)

188 1744 328 1785 Frons
359 1748 522 1786 variae
551 1745 695 1787 valde
733 1750 883 1805 pinnis
922 1751 1066 1790 evacis
1096 1753 1342 1791 acumina-

74 1806 131 1845 tis
162 1815 206 1844 et
239 1805 657 1864 ovato-oblongis,
692 1809 740 1847 in
755 1807 1083 1865 fructificante
1116 1823 1242 1865 apex
1275 1822 1342 1851 est

72 1862 403 1908 denticulatus,
461 1866 510 1904 in
557 1865 701 1906 sterili
751 1865 998 1911 dentatus,
1055 1866 1342 1925 quandoque

57 1921 176 1981 fere
207 1921 628 1964 inciso-dentatus.
692 1924 797 1978 Sori
827 1936 930 1966 sunt
963 1929 1178 1967 continui
1211 1938 1263 1968 ut
1293 1929 1341 1968 in

70 1979 285 2024 Pteride,
317 1996 404 2039 pro
439 1996 534 2038 qua
552 1983 709 2041 facile
738 1984 953 2029 habetur,
986 1983 1068 2026 sed
1094 1986 1344 2027 char-aecer

70 2037 298 2080 Adianct:
355 2055 487 2083 sorus
532 2056 692 2100 nempe
741 2042 929 2084 indusio
972 2045 1190 2090 insertus,
1244 2061 1342 2087 non

71 2112 204 2155 aegre
234 2098 617 2156 deprehenditur.
680 2101 754 2145 W.

9 2217 32 2244 *
67 2221 114 2264 6.
146 2213 508 2262 ADIANTUM
544 2217 826 2280 obliquum.
893 2219 977 2267 W.

70 2293 123 2335 A.
156 2292 397 2337 frondibus
429 2297 656 2352 pinnatis,
697 2299 849 2353 pinnis
881 2298 1337 2345 ovato-lanceolatis

131 2351 452 2395 obtusiusculis
492 2355 587 2395 basi
629 2362 867 2411 superiore
908 2367 1338 2404 truncato-cunea-

128 2411 207 2461 tis,
239 2409 467 2454 inferiore
497 2412 762 2471 longissime
793 2414 1334 2461 subdimidiato-cunea-

126 2470 201 2520 tis,
225 2483 422 2526 superne
453 2481 500 2513 et
521 2474 673 2514 antice
691 2472 1083 2527 fructificantibus,
1102 2477 1227 2519 rachi
1250 2477 1336 2522 vil-

125 2526 495 2584 loso-paleacea.
558 2531 630 2572 W.

69 2584 122 2628 A.
156 2586 411 2645 (lucidum)
443 2587 689 2632 frondibus
719 2593 943 2649 pinnatis,
987 2595 1139 2649 pinnis
1178 2605 1334 2653 trape-
