1677 2955
265 190 348 222 XIV

457 279 635 338 licum,
671 290 762 343 per
794 268 1121 322 substantiam
1153 261 1349 310 frondis
1382 275 1586 309 currens

457 346 540 397 vel
585 346 665 392 cui
706 352 872 406 partes
915 335 1060 396 hujus
1102 328 1390 376 adhaerent.
1465 326 1593 389 Spea

462 416 562 460 cies
596 409 740 469 hujus
776 401 959 452 eodem
992 395 1151 444 modo
1198 393 1590 439 denominantur

463 493 524 524 ac
557 479 611 522 in
636 473 802 536 stipite
827 467 1029 514 filicum.
1070 461 1123 508 Si
1144 473 1264 506 vero
1287 455 1425 503 frons
1455 471 1591 501 com-

462 543 645 608 posita,
681 535 840 583 rachis
887 547 950 578 ex
992 543 1093 593 qua
1134 523 1406 571 divisiones
1446 519 1591 580 hujus

463 608 691 654 oriuntur
733 593 1032 646 universalis
1078 588 1159 653 vel
1194 588 1488 653 primaria,
1544 594 1593 629 et

463 668 688 735 ejusdem
729 664 855 711 rami
896 654 1151 725 partiales
1207 668 1298 698 seu
1347 646 1594 696 secunda-
1635 685 1638 687 .

461 740 573 783 riae
608 732 859 778 dicuntur.
936 725 996 769 In
1042 715 1344 784 quibusdam
1376 711 1595 769 filicibus

462 799 626 847 rachis
677 799 730 846 in
772 794 917 857 apice
959 783 1153 834 frondis
1194 779 1336 828 nuda
1378 791 1428 826 et
1461 776 1594 823 radi-

467 881 585 914 cans
622 861 930 908 observatur.

337 934 386 982 F,
421 927 746 977 Podetium
797 933 973 967 recens
1009 913 1354 964 tendinosum,
1403 910 1597 955 siccum

462 991 654 1057 fragile,
689 992 743 1036 in
765 983 921 1035 thallo
940 993 1172 1033 nascenS‚
1204 975 1371 1022 forma
1385 974 1595 1029 varium,

463 1059 758 1120 fructigeras
791 1061 956 1117 partes
990 1044 1173 1092 ferens.
1218 1040 1425 1105 Species
1460 1048 1595 1083 sunt:

471 1128 517 1183 ι)
552 1122 804 1185 simplex,
842 1109 984 1180 quod
1017 1107 1306 1155 indivisum.

463 1191 516 1249 2)
552 1196 860 1232 cornutum,
912 1172 1125 1240 simplex
1173 1172 1322 1235 apice
1373 1172 1601 1214 attenua-

529 1265 636 1298 tum
672 1261 722 1295 et
756 1257 972 1292 acutum.

467 1321 518 1377 3)
554 1315 932 1381 cylindricum‚
979 1301 1121 1370 quod
1157 1297 1466 1362 cylindricae
1499 1293 1601 1342 for-

531 1397 646 1428 mae
680 1377 981 1443 proximum.

469 1448 518 1510 A)
553 1445 881 1492 subulacunm
920 1431 1062 1501 quod
1095 1443 1251 1479 tenue
1287 1425 1510 1474 etabasi
1536 1422 1603 1471 ad

532 1510 735 1575 apicem
771 1510 1098 1551 attenuatum.

470 1579 521 1636 5)
556 1575 818 1623 obtusum,
856 1564 998 1632 quod
1032 1560 1180 1626 apice
1213 1556 1554 1606 rotundatum.

470 1645 519 1704 6)
552 1638 937 1687 ventricosum,
973 1627 1146 1675 medio
1184 1623 1460 1671 dilatatum.
1671 1661 1675 1663 ,

472 1710 523 1768 7)
557 1700 933 1767 scyphzsorme,
968 1690 1184 1804 siffiplex
1217 1688 1371 1735 breve
1406 1687 1606 1749 apicem

533 1782 703 1814 versus
754 1773 984 1826 apertum
1056 1759 1066 1768 ’
1093 1767 1285 1802 atatum
1332 1754 1386 1799 in
1438 1747 1606 1815 cyathi

538 1831 770 1878 formam0

471 1902 523 1960 3)
542 1893 961 1960 fibulae-forme,
1020 1896 1175 1943 tenue
1224 1890 1356 1928 'teres
1410 1888 1607 1927 summo

539 1958 686 2025 apice
719 1950 1044 2002 tuberculoso
1054 1978 1073 1986 ·
1084 1946 1360 1994 dilatatum.

478 2031 528 2088 9)
565 2020 971 2071 vercz‘cillacum,
1007 2011 1149 2079 quod
1182 2007 1522 2074 scyphif0rme
1557 2013 1609 2054 et

542 2106 572 2137 e
608 2097 782 2136 centro
817 2079 1006 2145 scyphi,
1044 2076 1238 2141 absque
1273 2075 1521 2121 divisione
1554 2074 1609 2118 in

540 2167 730 2210 ramos,
788 2151 970 2196 iterum
1025 2154 1179 2208 atque
1229 2142 1413 2187 iterum
1454 2136 1609 2183 alium
1650 2155 1654 2158 ·

540 2216 781 2282 scyphum
814 2209 1019 2278 profert.
1372 2261 1375 2264 ι
1526 2211 1528 2216 ·

483 2289 562 2344 10)
590 2281 930 2349 prolifi’rum,
986 2271 1127 2338 quod
1175 2267 1517 2334 scyphiforme
1559 2276 1610 2313 et'

540 2349 768 2411 margine
801 2339 976 2406 scyphi
1009 2352 1168 2386 novos
1195 2333 1410 2398 scyphos
1434 2332 1605 2397 gignit.
1669 2340 1671 2342 ·

483 2417 563 2473 11)
598 2425 888 2459 ramosum,
923 2407 977 2451 in
1011 2416 1176 2448 ramos
1214 2399 1440 2446 divisum.

485 2481 564 2539 12)
598 2474 1024 2523 ramosissimum,
1072 2464 1214 2531 quod
1255 2462 1404 2511 valde
1446 2473 1632 2508 ramo-3

542 2555 665 2588 sum.
1638 2555 1642 2558 -

487 2611 566 2669 13)
593 2602 958 2671 perforatum,
996 2594 1137 2662 quod
1162 2608 1418 2642 ramosum
1433 2588 1515 2640 'vel
1532 2605 1609 2635 ra·
1671 2592 1673 2594 ’
