1677 2955
234 680 1171 848 INTRODUCTIO.

49 1104 436 1206 Vegetabilia‚
474 1158 606 1207 quae
633 1140 870 1189 dicuntur
896 1151 1249 1205 cryptogama,
1285 1139 1375 1187 sso-

46 1207 181 1254 ribus
215 1208 356 1254 nudo
401 1207 553 1254 oculo
595 1206 873 1255 visibilibus
916 1219 1093 1255 carent
1127 1218 1178 1258 et
1209 1205 1375 1253 forma

47 1286 255 1321 externa
290 1290 320 1320 a
352 1272 560 1339 reliquis
595 1272 867 1331 recedunt,
916 1271 1041 1321 licet
1073 1289 1180 1318 non
1215 1274 1376 1319 omni-

46 1338 137 1386 bus
182 1337 365 1385 eadem
407 1341 470 1386 sit
509 1337 717 1390 facies..
760 1337 1035 1385 Chauacter
1069 1336 1192 1384 alius
1227 1336 1372 1397 hujus

47 1404 236 1462 classis,
275 1406 469 1452 cunctis
503 1403 772 1462 solemnis,
809 1402 979 1463 deest,
1016 1404 1114 1449 nisi
1140 1402 1206 1448 ad
1230 1418 1374 1449 vaso·

44 1486 155 1515 rum
200 1468 657 1533 configurationem
697 1484 1025 1517 recurramus.
1097 1466 1379 1515 Asexuales.

45 1553 75 1581 a
107 1533 365 1580 nonnullis
412 1534 674 1593 dicuntur,
737 1551 893 1599 quum
936 1544 1118 1598 putent
1160 1535 1217 1579 iis
1263 1548 1375 1578 esse

43 1616 215 1664 neque
256 1599 406 1646 flores
458 1615 629 1664 neque
675 1598 864 1647 fructus
916 1614 1095 1655 veros,
1150 1609 1373 1643 statuunt

43 1669 181 1713 enim
229 1665 359 1712 haec
408 1680 462 1711 se
503 1662 828 1711 solummodo
864 1663 1075 1726 gemmis
1110 1679 1207 1708 nec
1240 1663 1370 1709 veris

41 1729 316 1778 seminibus
342 1745 638 1793 propagare.
685 1729 924 1774 Attamen
950 1725 1209 1773 indefesso
1235 1744 1373 1774 scru-

43 1798 171 1842 tinio
198 1797 366 1858 magni
398 1794 669 1858 Hedwigii
690 1808 982 1842 muscorum
1002 1791 1372 1856 hepaticarum-

43 1876 146 1927 que
187 1859 337 1906 flores
383 1871 434 1905 et
468 1862 670 1906 ,semina
718 1870 833 1905 sunt
874 1857 1101 1915 detecta,
1154 1856 1373 1922 reliqua-

41 1943 153 1972 rum
201 1941 322 1972 vero
376 1922 544 1971 classis
604 1925 1014 1988 cryptogamicae
1062 1921 1375 1971 familiarum

41 1990 191 2038 flores
232 1989 416 2048 latent,
474 1991 562 2054 qui
600 1987 758 2048 forte,
819 1986 886 2035 ob
929 1986 1148 2036 formam
1194 2004 1372 2035 eorum

41 2055 191 2102 nobis
227 2053 467 2111 alienam,
506 2053 771 2101 oculorum
795 2055 959 2101 aciem
987 2052 1373 2100 observatorum

43 2119 367 2185 effugiebant.
435 2117 613 2166 Filices
639 2117 833 2171 semina
855 2134 976 2166 vera
998 2116 1258 2182 possidere
1283 2134 1375 2163 ne-

40 2203 127 2232 mo
162 2201 310 2232 sanus
344 2183 566 2247 negabit.
634 2184 873 2248 Lindsay
911 2185 964 2229 in
1004 2184 1227 2232 Jamaica
1260 2182 1375 2229 Fili-

45 2267 129 2299 ces
158 2249 518 2307 disseminavit,
557 2262 606 2295 at
630 2251 732 2312 jam
759 2261 877 2295 ante
904 2246 1254 2312 experimenta
1278 2247 1372 2294 hu-

41 2318 117 2381 jus
150 2315 390 2364 Elzrlzarc
422 2316 617 2361 semina
651 2313 847 2378 Aspidii
879 2313 1045 2361 Filicis
1079 2315 1230 2360 maris
1265 2328 1374 2376 ger-

41 2384 258 2437 minare,
286 2395 525 2444 novaque
550 2379 816 2426 individua
843 2378 982 2435 dare,
1006 2379 1373 2425 observationi-

42 2445 136 2493 bus
193 2442 519 2492 eonfirmavit.
616 2446 722 2508 Ego
773 2443 1036 2510 pulverem
1076 2443 1373 2491 seminalem

43 2509 256 2559 Filicum
291 2512 626 2572 exoticarum‚
660 2511 762 2572 jam
798 2508 926 2557 ultra
958 2511 1178 2574 spatium
1210 2527 1265 2567 17
1289 2525 1374 2554 an-
