1677 2955
275 171 357 203 XVI

470 263 564 314 ris,
600 258 650 319 3)
674 252 947 302 solitaria,
982 249 1033 306 4)
1058 251 1383 311 aggregata,
1427 241 1479 297 5)
1502 254 1593 285 ex-

467 334 748 390 asperam,
809 319 856 375 6)
904 313 1059 362 laevis
1079 345 1096 362 ,
1164 308 1214 369 7)
1257 307 1593 356 venericosa,

471 403 604 456 quae
637 384 808 448 aliquo
841 379 959 426 loco
994 371 1275 422 subinflata.

342 461 411 509 M.
445 452 660 517 Hypha
706 460 779 495 est
832 458 1014 507 corpus
1061 439 1201 486 vario
1251 429 1408 480 modo
1452 430 1596 478 infle-

467 535 589 567 xum
641 508 969 562 subfiliFOrme
1018 516 1068 550 et
1122 516 1244 549 vera
1286 499 1445 545 cormi
1485 511 1600 560 spe-

473 588 599 641 cies,
632 577 994 627 subcarnosum
1029 581 1277 633 aquosum
1307 561 1389 610 vel
1420 561 1602 624 lignes-

474 665 608 698 cenS.
673 645 822 690 Forte
860 648 1064 684 externe
1095 634 1149 677 in
1174 629 1433 694 plurisque
1457 627 1603 671 semi-

473 712 603 761 nulis
646 719 720 754 est
762 703 994 751 obsitum.
1071 696 1307 744 Occurrit
1348 695 1402 737 in
1444 692 1602 751 Byssis

476 797 518 828 e.
540 795 585 842 g.
604 765 1003 831 Rhizomorpha‚
1028 759 1265 818 Monilia,
1292 757 1603 813 Dematium,

474 843 703 892 Erinium
737 846 831 882 etc.

286 916 367 963 III.
400 912 594 959 Fomi
635 913 750 950 sunt
792 893 1109 944 dilatationes
1158 884 1450 952 vegetabilis
1497 883 1606 948 ple·

414 984 629 1036 rumque
651 962 1088 1013 membranaceae.
1125 954 1414 1003 Occurrunt
1435 951 1489 994 in
1509 951 1604 1009 Ly-

417 1035 651 1103 copodiis
687 1043 736 1076 et
758 1023 990 1074 affinibus
1014 1015 1401 1084 vegetabilibus,
1428 1016 1482 1059 in
1504 1015 1608 1073 Hy-

417 1094 825 1166 dropteridibus,
893 1087 1078 1134 Muscis
1114 1095 1166 1131 et
1209 1080 1610 1145 Jungermannis.

414 1170 475 1216 In
505 1161 740 1213 Marsilea
775 1170 824 1204 et
856 1152 1076 1201 Salvinia
1122 1159 1319 1195 tantum
1363 1141 1610 1208 petiolata

414 1237 470 1280 in
506 1227 737 1278 omnibns
770 1219 1001 1283 reliquis,
1062 1212 1255 1276 absque
1287 1208 1391 1255 ulla
1426 1223 1612 1270 excep-

415 1301 579 1354 tione,
615 1303 814 1353 semper
847 1281 1047 1331 sessilia.
1112 1275 1422 1324 Dividuntur
1456 1284 1507 1320 et
1541 1271 1614 1318 di·
1658 1289 1663 1293 ’

416 1365 731 1425 stinguuntur
762 1363 818 1398 ut
851 1348 1097 1412 sequitur:

685 1436 728 1466 a.
763 1417 950 1480 Apice.

456 1495 505 1550 1)
538 1498 783 1536 acutum,
821 1475 1003 1542 angulo
1040 1472 1375 1520 terminatum.

453 1558 503 1616 α)
536 1553 927 1599 acuminatum,
965 1539 1103 1600 cujus
1138 1550 1270 1600 apex
1303 1532 1580 1595 elongatus.

450 1624 504 1679 3)
540 1615 810 1664 obtusum,
848 1605 988 1673 quod
1023 1604 1171 1667 apice
1203 1597 1541 1645 rotundatum

454 1687 504 1744 4)
540 1688 938 1728 mucronacum,
974 1671 1014 1716 si
1049 1681 1180 1731 apex
1210 1675 1319 1710 seta
1341 1679 1497 1726 parva
1521 1673 1618 1707 ter·

515 1749 756 1796 minatur,
804 1736 943 1803 quod
1011 1733 1281 1794 lerumque
1320 1743 1476 1774 nervo
1510 1740 1618 1771 me-

518 1810 604 1856 dio
634 1815 932 1853 excurrente
1002 1812 1033 1845 t.

455 1879 508 1936 5)
537 1872 837 1938 pilszerum,
874 1864 1015 1929 quod
1038 1865 1093 1918 in
1112 1862 1258 1925 apice
1275 1857 1433 1923 pilum
1449 1853 1619 1902 habet.

458 1948 507 2002 6)
536 1937 787 2003 pilosum,
826 1928 965 1995 quod
1001 1928 1146 1991 apice
1179 1923 1284 1989 pilo
1319 1921 1622 1967 ramosam-

523 2011 764 2049 structum
800 2012 839 2042 e.
866 2012 909 2058 g.
943 1991 1184 2054 Hypnum
1217 1999 1619 2048 macrocarpum.

461 2072 510 2133 7)
542 2077 790 2114 secoszcm,
827 2057 969 2124 quod
994 2068 1153 2103 setam
1176 2050 1490 2115 longitudine
1511 2047 1622 2095 fere

523 2130 632 2178 folii
666 2128 811 2190 apice
844 2120 1038 2189 profert
1072 2135 1112 2167 e.
1133 2136 1175 2183 g.
1199 2105 1622 2179 Gymnostomurri

522 2208 755 2244 setosum‚
1032 2237 1034 2242 λ

460 2266 510 2324 3)
549 2258 932 2321 emarginaczcm
952 2287 973 2304 ,
1029 2245 1184 2314 ,quod
1247 2246 1394 2309 apice
1445 2243 1623 2290 leviter
1676 2290 1677 2293 ,

529 2337 764 2373 exclsum.
999 2364 1001 2367 ,

464 2394 515 2452 9)
552 2389 914 2436 bz'dencatzmz‚
960 2377 1101 2445 quod
1143 2374 1378 2424 dentibus
1424 2371 1622 2420 duobus

525 2453 831 2501 terminatur.

469 2522 552 2581 10)
588 2516 966 2564 tridentanam,
1026 2506 1167 2573 quod
1219 2505 1394 2554 dentes
1435 2514 1534 2551 tres
1567 2502 1623 2547 in

528 2584 675 2647 apice
708 2575 877 2627 habet,
