1677 2955
1255 172 1341 202 xm

180 265 261 320 35)
297 266 625 316 carinarum,
663 263 800 324 cujus
836 274 975 311 costa
1016 265 1188 313 media
1220 267 1336 315 sub-

241 340 315 375 tus
350 327 781 392 longitudinaliter
813 323 1082 392 preminet.

174 394 257 453 36)
293 410 532 457 rugosum
565 393 883 454 (undulatum
914 393 1150 460 Hedvvig)
1193 398 1335 462 quod

224 456 380 521 *plicis
416 461 703 506 transversis
735 460 1045 508 instructum.

172 526 252 584 37)
289 524 644 575 zminervz'um,
680 522 1027 584 (ductulosum
1065 525 1329 591 Hedwig),

236 585 377 651 quod
421 598 559 635 costa
602 587 1139 650 media'instructum,
1199 609 1332 657 quae

234 650 299 697 ad
335 653 532 715 apicem
566 668 727 717 usque
762 655 993 701 excu'rrit.

166 719 249 776 38)
284 715 964 772 obliterato-unz'mervium,
992 719 1032 765 si
1060 725 1198 766 costa
1223 737 1329 767 me-

231 779 314 827 dia
347 783 402 827 in
434 780 542 829 basi
574 779 686 828 folii
727 781 818 840 vele
853 783 919 829 ad
965 784 1190 830 mediam
1224 787 1328 846 ejus

229 858 424 910 partem
474 857 667 892 tantum
715 851 959 908 excurrit,
1017 850 1328 917 tandemque

229 928 291 958 ex
324 923 433 958 toto
469 914 735 960 evanescit.
1088 942 1094 945 >

162 978 244 1038 39)
279 980 616 1030 crinervium,
660 992 688 1023 e
722 975 832 1024 basi
864 975 1021 1024 tribus
1056 981 1221 1027 nervis
1254 982 1328 1027 in-

225 1053 480 1090 structum,

160 1106 242 1167 4ο)
295 1108 798 1169 ᾳαίηᾳαεηεννίῑιηι,
860 1121 889 1152 e
939 1103 1047 1152 basi
1097 1110 1326 1174 quinque

223 1172 386 1217 nervis
419 1171 717 1218 instructum
761 1185 800 1217 e.
830 1187 874 1234 g.
908 1172 1146 1236 Hypnum
1185 1177 1325 1221 stria-

221 1247 352 1286 tum„

158 1301 241 1361 lu)
275 1316 576 1352 nervosum,
613 1298 752 1365 quod
781 1298 951 1363 plures
976 1316 1158 1348 nervos
1184 1318 1211 1349 e
1237 1302 1323 1350 ba-

221 1366 263 1410 si
293 1362 464 1413 habet.
898 1380 901 1383 ·

158 1431 242 1487 42)
281 1432 575 1482 enerviam,
628 1427 1010 1491 (eductulosum
1051 1430 1320 1496 Hedwig)‚

191 1492 367 1557 ¹quod
414 1510 586 1559 neque
635 1510 816 1541 nervos
865 1493 1098 1541 laterales
1149 1514 1322 1562 neque

222 1571 415 1605 costam
448 1558 669 1606 mediam
701 1557 871 1605 habet.

154 1622 238 1683 43)
280 1623 646 1676 reticulatum,
697 1622 912 1670 reticulo
955 1640 1188 1671 vasorum
1232 1626 1320 1673 do-

218 1700 394 1735 natum

153 1754 235 1814 44)
264 1764 610 1815 punctatum,
670 1754 870 1816 punctis
919 1752 1185 1816 pellucidis
1230 1755 1319 1804 ob-

215 1829 377 1865 s1tum.
1282 1866 1287 1871 s

151 1884 233 1940 45)
265 1880 611 1944 papillosum,
645 1880 844 1945 papillis
889 1880 1151 1930 obtectum
1193 1899 1236 1930 e.
1273 1902 1315 1949 g.

216 1945 634 2007 Gymnostomum
668 1945 948 2011 Hedwigia.
1055 1995 1057 1998 Α

150 2012 231 2074 46)
278 2010 551 2063 scabrum,
609 2013 807 2074 punctis
860 2013 1061 2059 minutis
1113 2011 1316 2062 elevatis

214 2086 419 2122 tectum.
617 2130 620 2132 ,

151 2141 234 2199 47)
269 2139 446 2192 laeve,
485 2138 629 2205 quod
670 2139 818 2188 nullis
861 2143 1062 2206 punctis
1110 2140 1315 2191 elevatis

213 2203 474 2269 papillisve
511 2204 742 2252 obsitum.
775 2254 776 2257 ,
844 2238 847 2239 ⁷

151 2271 232 2331 43)
274 2269 625 2331 coloratum,
670 2269 811 2336 quod
873 2269 1028 2317 alium
1087 2271 1315 2320 colorem

215 2350 368 2398 quam
400 2332 614 2382 viridem
646 2334 814 2382 habet.

382 2396 417 2450 f,
457 2400 859 2465 composicione.
1139 2449 1146 2454 ,

149 2464 230 2526 49)
265 2474 564 2527 quaterna,
600 2466 641 2511 si
676 2477 895 2530 quatuor
925 2463 1105 2513 foliola
1137 2467 1190 2513 in
1216 2468 1314 2530 api-

216 2524 485 2591 cespetioli
521 2544 560 2576 e.
623 2565 633 2576 .
669 2529 918 2577 Marsilea.
987 2532 1204 2577 Unicum
1232 2547 1315 2578 ex-

214 2591 436 2657 emplum
458 2593 524 2640 de
540 2592 593 2641 fo
615 2596 672 2643 iis
703 2597 1014 2660 compositis;
1049 2612 1167 2642 nam
1182 2597 1317 2643 Mus-

779 2658 877 2707 b2
