1677 2955
1238 140 1361 171 xx111

22 238 102 286 VI.
136 239 174 284 F
186 255 253 285 UL
268 254 395 291 cim?
424 250 551 284 sunt·
584 249 751 300 partes
803 235 1109 302 vegetabiles
1160 236 1354 303 planta-

147 319 259 348 rum
296 304 804 366 cryptogamicarum‚
863 319 995 368 quae
1031 302 1138 349 aliis
1171 301 1352 349 funda-

148 379 321 414 mento
357 379 471 414 sunt
503 367 585 415 vel
619 370 758 414 vario
792 368 951 415 modo
988 367 1212 429 ejusdem
1239 385 1349 431 par-

148 446 220 479 tes
249 432 507 496 obtegunt.
533 433 889 497 Distinguntur
911 446 1207 500 sequentes:
1229 434 1260 480 S
1275 436 1348 480 ti-

146 497 311 562 pula,
355 497 674 555 Auricula,
721 499 978 562 Vagina,
1023 497 1347 562 Ampulla,

145 563 360 620 Volva,
409 562 716 621 Annulus,
766 563 995 622 Pileus,
1049 561 1341 621 Lamenta,

143 630 359 686 Porus,
394 627 683 688 Echinus,
719 628 984 694 papilla,
1013 627 1184 694 Cyph
1203 627 1339 687 ella,

142 692 594 758 Propagulum,
653 694 992 751 Soredium,
1048 692 1341 741 Pulvinu-

141 757 259 816 lus‚
307 759 648 818 Peridium,
707 763 1100 820 Hymenium,
1160 758 1341 806 Indu-

140 826 316 883 sium‚
371 825 683 889 Propago,
744 825 1037 887 Cyathus,
1094 825 1350 889 Gongy-v

140 887 256 949 lus,
296 889 497 949 Palea,
536 889 725 949 Pilus,
763 890 1052 938 Aculeus.

76 956 133 1002 A.
176 953 417 1018 Stipula
474 957 527 1001 in
566 955 970 1020 Jungermanniis
1030 971 1163 1022 quae
1212 953 1339 1001 folia

205 1018 419 1066 disticha
450 1019 665 1079 habent,
703 1026 945 1078 occurrit,
998 1034 1070 1068 est
1102 1019 1337 1067 foliolum

203 1083 430 1131 inferiori
474 1085 629 1132 caulis
655 1102 700 1131 -a
734 1084 865 1132 foliis
901 1086 1162 1132 denudata
1204 1087 1336 1148 parti

202 1149 528 1213 adpressum,
595 1150 730 1215 apud
781 1151 1084 1198 Ehrhartum
1131 1149 1338 1215 Amphi-

201 1217 436 1278 gastrium
472 1214 627 1263 audit.
849 1254 852 1257 .

73 1282 124 1329 Β.
158 1282 245 1327 Au
261 1278 460 1326 ricula
519 1278 746 1345 (Stipula
779 1280 1044 1343 Ehrh‘arti)
1092 1283 1244 1328 etiam
1281 1284 1336 1328 in

199 1345 622 1409 Jungermanniis,
658 1348 711 1393 in
748 1346 929 1412 quibus
965 1345 1087 1392 folia
1122 1346 1335 1394 disticha

200 1409 514 1467 observatur,
560 1423 633 1457 est
664 1409 898 1458 soiiolum
933 1429 1142 1476 parvum
1175 1414 1229 1458 in
1261 1410 1338 1458 fo-

197 1473 382 1521 liorum
402 1474 563 1521 axillis
575 1477 738 1534 situm,
757 1494 1018 1542 nunquam
1030 1475 1308 1522 solitarium
1321 1494 1333 1534 ;

197 1556 398 1604 semper
423 1540 548 1599 duo,
587 1556 719 1606 quae
748 1544 985 1606 opposita
1020 1540 1215 1588 adsunt.

73 1607 126 1654 C.
160 1605 463 1670 Vaginam
498 1605 762 1669 possident
783 1606 940 1654 modo
967 1609 1223 1671 Equiseta‚
1262 1618 1336 1666 est

197 1671 251 1716 in
285 1671 360 1716 his
395 1673 622 1734 margine
658 1670 879 1719 dentata.

20 1757 24 1762 ·
64 1735 132 1782 D.
168 1735 450 1800 Ampulla
490 1748 563 1782 est
599 1738 827 1782 extensio
871 1735 1039 1782 clausa
1073 1735 1247 1782 inflata
1279 1739 1333 1782 in

195 1798 386 1847 fronde·
412 1802 665 1847 Fucorum
701 1805 817 1848 aere
851 1800 1047 1865 repleta
1084 1813 1133 1847 et
1167 1799 1333 1848 forma

194 1882 345 1913 varia.
847 1894 849 1897 v

67 1930 119 1977 E.
152 1929 350 1976 Volva
386 1943 459 1978 est
492 1929 788 1977 membrana
823 1932 1024 1994 saepius
1054 1948 1218 1978 crassa
1247 1944 1333 1977 aut

197 2011 414 2042 carnosa«
463 1995 608 2041 basin
661 1997 835 2059 stipitis
893 1999 1112 2059 cingens.
1202 1998 1334 2043 Ante

195 2059 336 2125 fungi
371 2060 761 2126 explicationem
794 2060 1048 2107 interdum
1082 2064 1332 2125 integrum
1382 2063 1389 2066 ’

195 2125 402 2189 fungum
449 2126 643 2189 obtegit
691 2124 772 2172 vel
821 2129 1034 2190 margini
1068 2125 1190 2190 pilei
1223 2139 1331 2172 tan-

199 2203 304 2236 tum
331 2190 527 2237 ⁴adnata
561 2203 661 2249 est,
711 2190 792 2237 vel
828 2193 977 2238 etiam
1012 2190 1120 2238 basi
1153 2194 1328 2255 stipitis

201 2255 453 2303 adhaeret.
536 2256 740 2320 Species
793 2269 932 2302 sunt:
997 2259 1042 2318 1)
1091 2260 1328 2320 integra,

199 2325 246 2382 2)
281 2321 488 2376 lacera,
521 2326 569 2383 3)
605 2321 873 2384 byssczcea,
910 2325 957 2384 4)
988 2320 1302 2386 gelacinoffl.

70 2386 117 2432 F.
153 2384 427 2432 Annulus
463 2399 537 2432 est
570 2384 864 2433 membrana
902 2403 1002 2450 qua
1026 2383 1329 2450 stipes‘cum

200 2450 336 2515 pileo
374 2463 489 2497 ante
524 2449 664 2515 fungi
699 2451 1042 2497 evolutionem
1078 2451 1329 2497 cohaeret.
1378 2472 1381 2473 ⁷

200 2518 343 2563 Haec
369 2515 666 2562 membrana
699 2520 738 2562 si
775 2519 916 2580 prius‘
946 2533 974 2562 a
1000 2519 1168 2581 stipite
1196 2533 1333 2563 sece-

206 2581 299 2638 dit,
344 2583 396 2627 in
430 2580 569 2645 fungi
605 2581 843 2646 explicati
890 2581 1022 2644 pileo
1059 2580 1122 2627 ad
1158 2584 1334 2646 margi-
