1677 2955
1237 139 1336 172 XXV

234 234 281 292 1)
316 231 581 295 aequales,
619 233 706 297 qui
741 246 916 282 omnes
945 231 1170 293 ejusdem
1193 251 1332 302 mag-

292 295 541 343 nitudinis
567 308 697 344 sunt.
1334 307 1336 310 ’

230 364 282 423 2)
318 362 651 426 inaequales,
710 363 752 409 si
794 361 1008 423 maiores
1054 366 1332 414 minoribus

292 427 580 479 intermixti.

230 494 281 555 3»)
317 491 554 551 rotundi,
593 492 681 557 qui
713 489 928 539 formam
951 493 1222 540 rotundam
1245 495 1334 543 ha-

297 555 433 604 benn

231 624 284 681 4)
318 622 585 687 angulati,
626 623 712 688 qui
747 621 956 687 angulos
989 622 1227 676 formant.

232 691 282 748 5)
318 687 658 746 confluentes,
702 689 743 736 si
776 690 831 736 in
864 689 1056 750 majora
1088 689 1339 738 foramina

296 749 571 800 confluunt.
715 769 722 772 ·

231 819 280 880 6)
305 818 501 879 s'avosz',
538 819 625 882 qui
659 819 830 882 magni
862 817 963 865 favi
996 822 1152 867 instar
1183 835 1313 869 sunt.
1345 834 1349 839 ·

230 885 287 949 7)
316 881 660 946 impalpabiles
691 885 1036 945 minutissimi,
1074 889 1157 933 vix
1189 887 1336 936 nudis

295 945 456 993 oculis
494 945 852 1012 distinguendi.

68 1013 132 1064 K.
166 1012 439 1066 Echinus
474 1028 509 1059 s.
536 1011 809 1062 Aculeus
843 1015 897 1059 in
922 1029 1205 1078 paucorum
1230 1016 1339 1064 fun-

199 1094 378 1142 gorum
396 1079 583 1141 pagina
604 1075 847 1124 inFeriore
876 1084 1098 1127 occurrit
1127 1095 1202 1128 est
1226 1099 1339 1146 pro-

199 1141 488 1190 tuberantia
516 1157 649 1206 quae
672 1140 890 1189 formam
917 1144 1081 1192 aculei
1106 1146 1261 1194 habet
1287 1160 1339 1194 et

197 1220 365 1271 partes
399 1204 763 1254 fructificantes
789 1211 1031 1256 continet.
1099 1213 1188 1258 Est
1210 1228 1340 1259 sem·

195 1288 292 1337 per
335 1284 630 1337 aggregatus
674 1285 725 1319 et
766 1290 949 1337 magna
1000 1278 1151 1340 copia
1192 1294 1339 1342 prae-

198 1354 326 1386 sens.
401 1338 609 1401 Species
652 1350 784 1385 sunt:
848 1342 893 1402 I)
936 1339 1225 1401 sabalams,
1282 1346 1339 1405 2)

198 1414 404 1460 acutus,
448 1405 497 1465 3)
534 1401 757 1462 obtusus,
805 1406 852 1467 4)
887 1403 1237 1467 lanceolacas,
1287 1412 1337 1471 5)

199 1466 530 1531 compressus,
568 1470 617 1531 6)
651 1469 850 1514 divisas.

69 1536 124 1581 L.
157 1531 407 1597 Papilla
453 1544 527 1578 est
558 1531 944 1597 protuberantia
976 1534 1337 1586 fructificantes

198 1610 367 1662 partes
421 1596 787 1647 nonnullorum
844 1598 1117 1663 fungorum
1177 1606 1338 1650 conti-

198 1679 352 1722 nens,
391 1665 615 1709 occurrit
647 1665 701 1709 in
737 1663 1053 1728 Telephoris.

68 1731 139 1780 M.
177 1727 493 1791 Cyphella
537 1741 610 1775 est
651 1726 802 1774 fovea
843 1728 1127 1777 orbiculata
1160 1735 1339 1797 margi-

198 1804 319 1838 nata
354 1809 488 1857 quae
520 1795 576 1839 in
608 1793 795 1857 pagina
829 1792 1070 1840 inferiore
1092 1795 1236 1843 thalli
1260 1800 1340 1844 Li-

201 1857 422 1904 chenum
466 1859 764 1921 praesertim
813 1859 867 1903 in
922 1859 1086 1906 Stictis
1137 1861 1342 1910 Acharii

199 1923 423 1969 occurrit
458 1934 507 1968 et
542 1921 718 1969 colore
753 1940 782 1968 a
816 1922 973 1970 thallo
1003 1924 1221 1985 diversa,
1257 1945 1342 1976 cu-

197 1988 379 2051 jusque
413 2003 528 2033 usus
563 1986 711 2035 nobis
745 1989 962 2052 ignotus.

71 2054 137 2107 Νι
169 2051 596 2116 Propagulum
645 2065 719 2098 est
766 2053 1122 2117 corpusculum
1146 2051 1342 2105 'subro-

200 2116 414 2164 tundum
452 2118 592 2182 quod
626 2116 707 2163 vel
740 2121 950 2182 sparsim
970 2120 1051 2166 vel
1072 2121 1341 2175 confertim

201 2183 255 2228 in
289 2180 446 2228 thasso
472 2182 754 2230 Lichenum
785 2186 1018 2230 occurrit.
1088 2188 1342 2234 Convenit

203 2245 541 2294 verisimiliter
574 2246 741 2295 hocce
776 2248 1135 2313 corpusculum
1167 2252 1343 2316 pulve-

200 2310 481 2366 rulentum,
537 2328 692 2376 saepe
735 2315 788 2358 in
821 2313 1131 2362 Lichenibus
1169 2321 1341 2382 copio-

201 2392 334 2433 sum,
358 2392 471 2423 cum
488 2376 850 2441 propaginibus
872 2377 1182 2445 reliquarum
1195 2383 1340 2447 plan-

201 2454 366 2487 tarum
402 2445 905 2506 cryptogamicarum.

75 2507 140 2559 O.
174 2505 511 2554 Soredium
564 2519 638 2555 est
693 2524 897 2555 acervus
939 2511 1341 2574 propagulorum

205 2573 347 2636 quasi
382 2571 712 2636 receptaculo,
745 2576 955 2638 proprio
990 2576 1234 2625 insidens.
