1677 2955
1207 135 1343 166 xxvn

206 223 402 272 format.
469 226 707 273 Occurrit
740 227 794 273 in
826 227 1134 293 Lycopodiis
1167 235 1339 293 variis,

207 290 416 348 Muscis,
449 290 792 338 Marchantiis.

77 353 140 402 U.
176 354 445 416 Cyathus
486 355 786 403 membrana
829 357 1167 418 cyathiformis
1210 380 1342 427 quae

204 415 521 484 propagines*
569 424 797 469 continet
851 425 906 469 in
931 422 1159 487 qfronde‘
1205 429 1339 474 Mar-

207 484 456 533 chantiae.

10 585 14 588 .
76 547 132 595 V.
174 549 487 614 Gongylus
535 566 717 614 corpus
755 551 936 607 durum
968 553 1337 604 subrotundum

201 615 255 656 in
287 613 472 658 fronde
498 613 730 659 Ulvarum
765 621 1085 678 proveniens,
1125 620 1339 669 durante

201 678 521 739 vegetatione
554 693 661 722 non
690 676 948 738 decidens,
982 695 1099 744 post
1122 699 1339 733 mortem

201 754 321 786 vero
355 738 550 789 frondis
585 744 637 788 in
670 758 856 789 novam
887 743 1117 810 plantam
1144 764 1338 798 excres-

204 820 338 857 cens.
901 835 913 845 ·

71 866 134 914 X.
178 868 367 914 Palea
418 878 492 913 est
540 865 774 915 foliolum
823 876 1231 936 squamaeforme
1280 882 1335 927 in

199 933 366 994 stipite
398 931 654 979 interdum
690 937 841 981 etiam
880 938 934 982 in
982 935 1168 995 fronde
1219 943 1334 989 Fili-

143 1028 150 1035 ·
203 1012 318 1044 cum
369 1012 653 1046 occurrens.
743 1000 950 1063 Species
1000 1015 1056 1048 ut
1097 1003 1223 1052 folia
1265 1008 1331 1055 ad

199 1059 414 1107 formam
451 1060 697 1108 diversam
734 1063 1101 1115 describuntur.

15 1164 17 1166 .
54 1125 129 1172 Y.
164 1125 326 1172 Pilus
362 1137 436 1172 est
479 1124 733 1190 elongatio
788 1129 1037 1192 capillaris
1085 1135 1138 1179 in
1180 1139 1330 1184 variis

196 1190 421 1254 partibus
454 1191 811 1255 vegetabilium
840 1201 1331 1261 cryptogamicorum

197 1256 512 1318 proveniens.
577 1256 783 1321 Species
817 1272 954 1307 sunt:
1006 1264 1049 1323 1)
1087 1266 1326 1330 simplex,

198 1322 247 1382 2)
271 1321 538 1382 sict-cacus,
594 1324 642 1384 3)
677 1322 927 1384 stellatus,
969 1325 1056 1372 ubi
1096 1327 1264 1392 plures
1300 1349 1329 1380 e

199 1384 384 1437 eodem
433 1399 625 1449 puncto
678 1388 943 1451 egrediunt
991 1404 1040 1437 et
1097 1395 1330 1444 radiatim

199 1448 554 1513 expanduntur
597 1466 638 1498 e.
677 1470 721 1517 g.
767 1454 820 1498 in
853 1456 1109 1505 nonnullis
1142 1461 1329 1523 Hyme-

196 1513 461 1578 nophyllis.
1184 1559 1186 1561 -

0 1574 3 1578 ’
69 1581 123 1625 Ζ.
161 1578 436 1626 Aculeus
473 1593 546 1627 est
578 1581 960 1645 protuberantia
1003 1604 1231 1652 pungens
1274 1596 1326 1639 in

199 1643 409 1691 caudice
446 1657 494 1691 et
526 1647 776 1709 stipitibus
810 1648 1020 1696 Filicum
1056 1653 1216 1701 obvia.

3 1707 105 1753 VH.
139 1709 616 1756 FRucT1F10ATro
651 1712 740 1758 sub
778 1711 878 1758 hoc
911 1719 1121 1764 nomine
1146 1719 1326 1768 intelli-

131 1775 291 1836 gimus
339 1789 513 1821 omnes
556 1788 722 1838 partes
769 1776 831 1822 ad
871 1776 1051 1826 florem
1082 1781 1323 1831 fructum-

133 1853 233 1900 que
270 1843 752 1902 cryptogamicarum
779 1841 1065 1905 plantarum
1090 1863 1322 1911 spectan-

131 1914 226 1960 tes,
263 1914 400 1948 sunt:
448 1901 611 1962 Flos,
654 1905 1172 1974 Inflorescentia‚
1215 1918 1322 1963 Pe—

133 1968 496 2031 ricarpium,
531 1969 776 2027 Semen,
815 1973 979 2020 Basis
1184 2022 1185 2025 ,

67 2032 125 2079 Α.
161 2030 302 2077 Flos
337 2044 392 2077 ut
423 2031 522 2087 iam
557 2050 707 2096 supra
740 2041 1024 2086 monuimus
1052 2053 1243 2090 tantum
1269 2048 1323 2093 in

161 2097 348 2143 Muscis
389 2098 752 2164 Hepaticisque
796 2115 869 2148 est
909 2104 1134 2152 detectus
1149 2110 1167 2164 ‚⁷
1213 2110 1323 2156 reli-

165 2162 273 2224 quis
309 2166 642 2226 cryptogamis
676 2165 857 2227 plantis
901 2167 1036 2216 floris
1077 2184 1322 2223 structura

163 2224 437 2289 simplicior
471 2242 578 2273 esse
612 2228 822 2277 videtur.
897 2234 984 2279 Est
1017 2235 1096 2281 vel
1130 2255 1318 2286 mascu-

163 2287 237 2335 lus
272 2288 352 2336 vel
383 2288 629 2339 femineus
680 2294 760 2341 vel
804 2300 968 2358 etialn
996 2298 1323 2366 hermaphro-

164 2353 311 2404 ditus.
392 2355 696 2423 Plerumque
729 2359 876 2407 flores
918 2380 1041 2410 sexu
1077 2366 1319 2430 distincti,

163 2421 412 2467 rarissime
444 2420 845 2487 hermaphroditi
879 2443 1164 2484 occurrunt,
1198 2436 1322 2481 Mas-

164 2482 302 2531 culus
337 2483 428 2532 flos
465 2499 556 2533 est:
620 2490 664 2551 1)
697 2494 1097 2553 gertzmz'formis,
1143 2500 1191 2558 2)
1236 2517 1321 2544 ca·

159 2548 524 2614 piculzj'brmis,
583 2555 630 2619 3)
676 2555 996 2617 disciformi&
1079 2563 1138 2606 In
1178 2561 1319 2609 femi-
