1677 2955
1224 174 1318 208 >4111

250 311 254 316 -
279 278 425 325 Haec
456 287 573 324 sunt
604 277 800 341 species
833 274 1169 339 praecipuae,
1210 272 1319 321 reli-

219 359 343 408 quas
379 340 571 407 absque
607 340 943 406 explicatione
981 338 1066 387 hic
1101 338 1319 390 breviter

219 405 487 465 indicabo,
530 418 670 454 sunt:
712 406 935 469 firmus,
978 406 1210 471 rigidus,
1246 418 1321 452 te-

216 489 364 525 nax,
399 472 582 525 laxus,
618 470 811 518 debilis.
1092 521 1095 523 ‚

282 537 457 583 Musei
489 536 700 583 acatales
732 547 868 594 sunt,
928 537 1015 600 qui
1055 533 1138 582 vel
1174 533 1321 581 caule

220 617 284 649 ex
316 614 426 648 toto
464 613 660 659 carent,
702 600 784 648 vel
816 599 1160 647 rudimentum
1196 600 1322 659 ejus-

221 665 339 713 dem
373 665 584 726 habent,
631 665 773 731 quod
812 664 960 712 lentis
1006 667 1324 730 compositae

220 747 322 795 ope
353 733 408 777 in
445 743 776 796 conspectum
807 733 960 789 venit.
1263 746 1269 750 ·

60 798 115 845 C.
149 797 386 860 Scapus
422 811 497 845 est
531 798 691 844 cormi
722 798 917 861 species
954 810 1086 861 quae
1119 792 1325 842 fructifi-

189 864 445 910 cationem
480 874 676 909 tantum
709 877 808 908 neo
839 860 965 908 folia
988 858 1209 926 prosert‚
1247 877 1325 908 re·

189 929 381 992 peritur
412 926 572 973 modo
607 929 661 973 in
694 928 869 990 paucis
903 925 1170 991 Equisetis.

61 991 127 1041 D.
164 992 371 1056 Stipes
414 994 576 1040 cormi
614 994 813 1056 speeies
860 989 1101 1038 frondem
1132 991 1327 1039 Palma-

189 1075 302 1104 rum
322 1069 477 1121 atque
494 1056 704 1104 Filicum
729 1055 923 1115 ferens;
954 1059 1105 1103 etiam
1128 1059 1181 1103 in
1205 1058 1329 1104 Fun-

191 1125 261 1186 gis
299 1139 360 1169 ea
394 1138 528 1185 pars,
568 1137 700 1186 quae
732 1121 986 1187 reliquum
1014 1138 1196 1186 corpus
1229 1121 1329 1168 suf-

191 1186 317 1234 ulcit
338 1189 493 1250 stipes
520 1186 673 1233 audit.
718 1188 817 1233 Hic
841 1186 999 1233 modo
1029 1187 1093 1234 de
1114 1187 1328 1234 Filicum

194 1266 246 1299 et
269 1252 305 1298 F
310 1268 558 1315 angorum
585 1253 753 1316 stipite
771 1264 1015 1299 tractatur
1043 1265 1093 1300 et
1118 1252 1330 1317 quidem

191 1330 250 1363 ut
273 1316 529 1364 distinctio
558 1319 845 1381 specierum
870 1317 1099 1380 ejusdem
1127 1318 1328 1365 facilior

195 1381 457 1441 evaderet,
495 1385 704 1429 seorsim
740 1382 804 1431 de
841 1399 903 1431 eo
937 1382 1152 1430 Filicum
1179 1396 1230 1431 et
1264 1383 1331 1432 de

191 1446 282 1494 illo
325 1449 611 1512 Fungorum
645 1447 842 1514 loquar.

256 1513 422 1578 Stipes
467 1512 672 1561 Filicum
708 1527 804 1561 est:
862 1517 910 1575 1)
946 1525 1107 1568 ceres,
1159 1516 1210 1576 2)
1246 1531 1331 1560 ca-

194 1578 547 1632 naliculacus,
604 1583 656 1639 3)
691 1582 960 1645 trigonus,
1014 1582 1064 1639 4)
1101 1591 1332 1643 tetrago-

168 1659 325 1697 ,nus,
369 1645 419 1706 5)
449 1644 759 1706 paleaceus,
810 1646 1229 1709 6)=squamosus,
1279 1646 1329 1703 7)

200 1709 405 1761 nudus,
466 1713 516 1767 3)
552 1708 858 1761 aculeatus,
919 1711 969 1768 9)
1017 1712 1330 1762 muricatus,

201 1774 288 1837 qui
322 1772 594 1819 tuberculis
619 1771 908 1819 ,admodum
942 1771 1179 1820 brevibus
1217 1790 1333 1820 acu·

195 1835 512 1883 leiformibus
547 1851 621 1884 est
654 1840 946 1897 instructus,
988 1842 1066 1898 10)
1102 1838 1357 1888 inermis.'

195 1902 344 1948 Fucis
379 1914 454 1948 est
489 1904 642 1949 etiam
673 1904 852 1967 stipes2
888 1906 977 1968 qui
1013 1903 1199 1952 eodem
1224 1920 1332 1951 mo-

201 1964 269 2013 do
306 1965 638 2031 distinguitur.

264 2031 427 2096 Stipes
471 2034 761 2096 Fungorum
805 2045 902 2081 est:
968 2036 1013 2096 1)
1055 2051 1336 2089 carnosus,-

202 2097 251 2155 2)
287 2099 582 2150 coriaceus,
618 2102 670 2157 3)
698 2099 925 2152 solidus,
961 2100 1012 2160 4)
1030 2099 1330 2162 fistulosus,

198 2163 249 2221 5)
283 2160 584 2215 lacunosus,
621 2165 670 2223 6)
704 2175 1034 2227 squamosus,
1071 2167 1119 2227 7)
1154 2182 1336 2230 squar-

201 2242 371 2278 rosus,
424 2228 476 2288 3)
505 2240 822 2290 peronatus,
889 2231 1333 2287 9).ventricosus,

209 2290 285 2349 ιο)
321 2290 590 2344 bulbosus,
634 2294 710 2351 11>
737 2294 1016 2347 centralis,
1046 2297 1133 2359 qui
1153 2308 1331 2344 centro

202 2353 325 2418 pilei
357 2353 628 2419 fungorum
663 2354 864 2416 affixus,
910 2362 982 2419 12)
1019 2363 1331 2416 ecerzcralz's,

203 2421 292 2483 qui
325 2433 466 2466 extra
502 2434 730 2467 centrum
764 2425 908 2483 situs,
951 2427 1027 2484 13)
1062 2425 1333 2482 lateralis,

150 2516 151 2520 ,
207 2486 294 2548 qui
329 2484 393 2530 ad
427 2483 554 2532 latus
575 2486 698 2550 pilei
721 2499 841 2546 stat,
884 2491 960 2550 14)
995 2489 1333 2553 cylzzzclricus,

210 2552 285 2607 15)
319 2549 618 2604 subulcum,
660 2554 735 2611 16)
770 2564 1014 2602 secaceuS.

15 2644 21 2648 -
75 2612 130 2658 E„
167 2613 389 2660 Rachis
423 2617 599 2680 stipitis
627 2619 944 2664 continuatio
971 2620 1033 2664 ⁴in
1056 2617 1243 2668 fronde
1274 2619 1332 2667 fi-
