1677 2955
288 172 426 202 XXXII

484 266 563 329 13)
592 264 1078 331 pseudoagymca,
1135 275 1267 328 quae
1315 261 1369 309 in
1418 263 1610 310 vertice

539 330 698 395 plicas
732 329 944 377 radiatas
980 330 1084 393 gyri
1115 328 1271 374 instar
1301 326 1458 375 habet
1492 342 1535 374 e.
1561 345 1607 392 g.

541 393 1064 459 Schismatopterides.

481 463 573 522 14)·
598 461 846 524 didyma,
883 474 1015 523 quae
1049 455 1338 504 bilocularis
1382 469 1432 504 et
1466 458 1610 522 quasi

542 539 606 571 ex
639 524 767 571 binis
804 523 1017 587 capsulis
1054 525 1280 569 connatis
1312 519 1528 568 formata
1563 537 1607 569 e.

539 607 580 653 g.
615 591 958 652 Tmesipteris.

481 656 558 715 15)
597 657 860 704 trz‘cocca,
906 667 1038 717 quae
1082 648 1281 711 loculos
1323 663 1420 699 tres
1462 667 1608 715 sepa-

539 713 674 764 ratos
708 716 864 763 habet
898 734 959 764 ac
991 720 1033 764 si
1075 731 1139 762 ex
1187 715 1340 762 tribus
1391 714 1609 780 capsulis

542 781 761 829 conflata
795 795 924 829 esset
957 798 1000 829 e.
1030 797 1075 845 g.
1112 779 1437 828 Bernhardia.

479 848 558 909 16)
597 847 924 898 bilocularis,
976 845 1106 891 binis
1148 845 1500 892 loculamentis
1535 844 1608 891 di-

538 913 642 957 visa
676 925 718 956 e1
755 927 797 974 g.
833 910 1177 974 Tmesipteris,
1214 909 1522 957 Blandowia.

478 977 556 1037 17)
593 975 939 1027 crilocularis,
997 974 1153 1021 tribus
1198 973 1423 1038 gaudens
1464 973 1608 1022 locu-

536 1039 766 1086 lamentis
803 1056 842 1087 e.
864 1058 907 1104 g.
944 1038 1268 1086 Bernhardia.
1612 1054 1614 1057 ’

478 1106 556 1165 13)
607 1104 1032 1155 νηιιῖιιῗίοειιίηι·ῑὶς,
1074 1103 1232 1168 plura
1263 1098 1608 1151 loculamenta

535 1167 744 1216 habens,
810 1167 1065 1216 Dividitur
1096 1170 1170 1216 in:

570 1251 619 1284 α.
653 1234 1117 1298 longicuclitzalicer
1138 1233 1436 1285 dehiscens,
1473 1249 1609 1298 quae

629 1300 757 1344 rima
790 1296 1147 1361 longitudinali
1189 1296 1404 1345 dehiscit
1447 1311 1498 1344 et
1530 1301 1606 1344 in-

631 1374 776 1409 terne
807 1360 1153 1409 loculamenta
1183 1361 1330 1426 plura
1362 1375 1608 1411 monstrat

632 1442 674 1475 e.
710 1444 752 1491 g.
785 1428 1035 1474 Marattia.

566 1493 619 1554 β.
649 1495 789 1556 poris
815 1493 1111 1544 dehiscens,
1140 1492 1280 1554 cujus
1292 1491 1607 1540 loculamen-

633 1569 684 1603 ta
725 1572 856 1620 poro
894 1555 1158 1604 dehiscunt
1191 1573 1234 1604 e.
1255 1574 1299 1621 g.
1334 1559 1566 1610 Danaea.

534 1621 709 1667 Partes
751 1620 1001 1685 Capsulae
1035 1634 1149 1668 sunt
1178 1621 1444 1681 Valvulae,
1490 1623 1607 1669 Dis-

469 1688 806 1749 sepimentum
817 1721 829 1744 ,
873 1685 1237 1733 Loculamenta
1248 1707 1275 1746 ,>
1303 1686 1603 1734 Columella.

474 1749 529 1794 V
529 1750 728 1796 alvulas
760 1749 973 1797 habent:
1008 1754 1145 1813 Lyco
1187 1750 1384 1811 odium,
1417 1750 1606 1798 Antho⁴

471 1829 638 1872 ceros,
691 1813 1002 1873 Blandovvia,
1056 1768 1348 1874 Dufourea,
1399 1816 1607 1880 Junger-

468 1880 710 1937 mannia‚'
736 1878 1106 1942 Staurophora3
1142 1881 1606 1942 Dissepz'mencum:
1662 1909 1665 1912 »

467 1941 785 2001 Blandowia3
821 1943 1232 1990 Loculamenca:
1257 1945 1602 2008 Tmesipteris,

467 2005 800 2066 Bernhardia,
842 2005 1156 2067 Blandovvia,
1208 2008 1453 2068 Danaea,
1495 2011 1606 2056 Ma-

468 2074 638 2129 rattia3
677 2070 1036 2118 Columellam:
1067 2071 1403 2120 Anthoceros⁶

404 2131 459 2197 b)
501 2135 679 2182 leeca
728 2137 1022 2183 Muscorum
1070 2135 1261 2184 fructus
1313 2154 1343 2182 a
1383 2137 1604 2202 Capsula

470 2202 842 2264 compositione
878 2213 927 2246 et
958 2214 1103 2247 more
1149 2201 1447 2248 dehiscendi
1489 2215 1599 2249 toto

469 2263 618 2311 coelo
657 2263 891 2312 diversus.
959 2266 1195 2328 Aperitur
1229 2265 1475 2330 operculo
1514 2284 1601 2314 cu-

465 2329 541 2390 jus
599 2328 845 2376 orificium
901 2331 1064 2376 varios
1124 2347 1384 2394 processus
1433 2330 1601 2380 habet.
1643 2338 1648 2342 ’

464 2395 636 2439 Partes
655 2393 800 2455 hujus
814 2397 949 2440 su'nt:
990 2393 1050 2437 V
1045 2395 1289 2458 agz'uulcb
1320 2396 1598 2458 Calypcra,

471 2457 815 2520 operculum,
855 2460 1255 2511 peristomium,
1306 2459 1600 2524 Epz'plzrab-
1670 2497 1675 2500 .

467 2538 588 2573 ma,
623 2523 948 2586 Apoplcysis,
990 2523 1254 2575 Fimbria,
1294 2523 1596 2570 Columella.

497 2603 548 2633 α.
586 2585 863 2651 P⁷czgitzula
899 2585 964 2632 ad
997 2585 1198 2634 thecam
1243 2603 1300 2634 re
1337 2601 1457 2634 vera
1489 2603 1594 2634 non
