1677 2955
284 159 390 189 xxu

447 255 497 316 2)
529 253 770 318 leprosus,
806 256 892 320 qui
924 253 1132 319 pulvere
1167 267 1333 300 crasso
1358 254 1602 316 inaequa-

409 377 412 380 γ
507 317 620 366 liter
655 336 925 384 consperso
963 319 1268 368 cohaerente
1304 329 1512 363 constat.

447 385 497 447 3)
531 394 812 444 tartareas,
851 387 937 450 qui
971 400 999 430 e
1020 383 1226 448 pulvere
1252 393 1391 428 arcte*
1415 396 1601 444 aequa-

509 446 623 494 liter
657 448 930 496 coherente
967 450 1288 514 compositus.

448 515 496 575 4)
529 516 764 571 rimosu5,
819 513 1042 577 ejusdem
1093 511 1469 575 compositionis
1513 505 1605 554 sed

510 579 643 625 rimis
675 581 836 643 parvis
869 594 1143 643 percussus.

445 644 495 701 5)
528 645 813 702 ανεοίαιιις,
851 643 1031 690 eadem
1063 640 1169 688 fere
1203 653 1379 695 massa,
1414 635 1504 682 sed
1531 651 1606 680 ra-

512 709 603 748 mis
637 707 926 751 tessellatim
970 701 1284 764 our-rentibus
1317 704 1599 758 instructus.

451 768 499 821 6)
535 782 770 829 rugosus,
807 771 894 832 qui
927 784 1073 832 rugas
1107 766 1275 813 habet.

452 831 504 887 7)
533 831 863 892 granulosus‚
901 845 927 874 e
958 830 1179 891 granulis
1216 824 1537 887 compositus.

447 896 501 949 3)
538 909 858 950 verrucosus,
895 909 923 938 e
958 890 1177 955 granulis
1202 886 1473 948 majoribus
1499 889 1602 934 sive

513 959 730 1003 verrucis
752 956 1007 1003 formatus.
1068 959 1072 961 “
1349 953 1355 959 ’

450 1020 498 1081 9)
532 1020 1115 1083 cr⁴uscczce0-soliaceu5‚
1149 1020 1190 1065 si
1227 1028 1388 1062 crusta
1423 1014 1604 1063 cohae-

514 1095 589 1134 ret
623 1097 672 1130 et
703 1083 994 1131 foliolorum
1026 1082 1241 1130 formam
1273 1080 1442 1127 habet.
1493 1102 1496 1103 ⁷

452 1150 527 1209 10)
546 1147 834 1208 folz'acezcs,
885 1165 912 1196 e
956 1164 1118 1195 massa
1161 1145 1363 1210 aequali
1397 1161 1603 1209 compo-

508 1214 626 1259 situs
661 1225 711 1260 et
740 1213 978 1260 foliorum
1011 1211 1174 1259 forma
1204 1210 1422 1256 indutus.

454 1278 536 1337 11)
571 1279 1010 1337 membranaceus,
1046 1279 1132 1342 qui
1155 1291 1183 1332 e
1203 1273 1499 1321 membrana
1523 1272 1599 1320 fo-

511 1339 676 1388 liacea
707 1341 961 1390 formatus.

455 1407 532 1467 12)
551 1407 878 1453 umbilicams
903 1424 938 1453 s.
952 1407 1198 1469 pellaeus,
1227 1420 1473 1467 expansus
1496 1402 1603 1468 pla-

513 1469 764 1518 niusculus
798 1474 849 1517 in
885 1483 1060 1518 centro
1099 1468 1392 1515 adhaerens.
1422 1479 1425 1482 ’

451 1535 526 1593 13)
556 1536 903 1597 graminosus,
962 1537 1048 1601 qui
1081 1531 1390 1580 madefactus
1434 1532 1603 1597 gelati-

508 1614 627 1645 nam
653 1600 823 1652 refert,

450 1665 526 1723 14)
561 1668 840 1723 coriaceus,
878 1680 1067 1712 crassus
1100 1675 1266 1709 tenax.
1328 1670 1329 1673 ’

451 1728 533 1786 15)
567 1727 790 1788 lobacus,
824 1731 878 1775 in
910 1728 1057 1776 lobos
1094 1727 1289 1774 divisus.

451 1793 527 1852 16)
555 1793 924 1855 pz'nncztfidas‚
965 1791 1151 1839 foliolis
1193 1792 1362 1838 incisis
1397 1807 1612 1856 compo-⁷

510 1866 643 1903 situs.

389 1932 393 1935 “
448 1921 526 1979 17)
542 1919 914 1980 filamencosus,
939 1919 1198 1982 (Lorulum
1215 1918 1493 1983 Acharius),
1528 1918 1602 1967 fili

321 1990 364 2023 x»
504 1981 713 2046 figuram
746 1983 937 2031 habens
974 1996 1022 2031 et
1055 1982 1201 2029 simul
1232 2000 1470 2031 ramosus.

450 2048 526 2109 18)
561 2064 798 2108 corneus,
835 2048 985 2096 durus
1020 2047 1206 2112 fragilis
1241 2064 1480 2096 ramosus.
1525 2051 1569 2113 *)

286 2288 320 2335 ”)
345 2291 388 2333 In
413 2291 674 2329 Botanicorum
700 2292 840 2340 scriptis
866 2293 1040 2328 terminus
1064 2307 1219 2330 venosus
1251 2306 1286 2331 et
1318 2308 1489 2331 nervosus
1515 2309 1599 2345 per-

400 2350 521 2384 peram
548 2349 673 2373 contra
700 2338 954 2375 definitionem
981 2341 1134 2375 Linnaei
1161 2341 1367 2379 adhibetur.
1412 2345 1599 2383 Vetto-mm

400 2383 550 2426 (licitur,
577 2386 634 2420 vel
660 2386 698 2419 in
724 2386 852 2423 fronde
877 2387 934 2420 vel
959 2387 997 2421 in
1023 2387 1137 2427 folio,
1162 2389 1194 2422 si
1220 2400 1320 2423 costa
1344 2389 1462 2424 media
1487 2390 1525 2425 in
1542 2402 1600 2423 ra·⁵

400 2444 476 2465 mos
501 2444 719 2468 transversos
747 2432 801 2466 vel
825 2433 1007 2480 simplices
1031 2435 1092 2470 vel
1115 2435 1244 2469 iterum
1269 2435 1364 2470 vario
1383 2436 1494 2476 modo
1515 2449 1595 2483 par·

399 2478 486 2512 titos
514 2478 706 2521 dividitur;
738 2481 938 2514 Nemausum
963 2494 1068 2521 vero,
1100 2480 1131 2516 si
1157 2494 1176 2516 e
1202 2482 1278 2517 basi
1301 2482 1384 2519 folii
1407 2495 1469 2518 seu
1497 2482 1595 2517 fron·

397 2523 451 2559 dis
477 2524 597 2572 plures
623 2526 786 2561 fasciculi
813 2539 977 2562 vasorum
1004 2528 1049 2562 ad
1075 2528 1213 2575 apicem
1238 2542 1359 2564 versus
1384 2529 1598 2578 simpliciter

395 2582 608 2613 excurrunt,
636 2586 794 2621 quorum
819 2586 990 2610 numerus
1016 2575 1174 2622 speciem
1199 2574 1348 2612 indicat.
