1677 2955
300 167 458 199 xxvux

459 263 565 308 neis
613 272 662 307 et
700 254 1123 322 hermaphroditis
1168 267 1369 317 semper
1412 250 1619 316 gemmi-

456 325 629 373 formis
667 323 972 370 observatur.
1039 318 1151 364 Flos
1186 319 1446 381 utriusque
1471 330 1619 362 sexus

458 404 553 439 est:
605 392 650 451 1)
687 386 1004 443 terminalis,
1051 381 1192 450 quod
1232 384 1286 427 in
1321 384 1467 445 apice
1503 395 1618 425 cau-

458 455 540 514 lis,
578 457 626 516 2)
664 452 905 498 ancillaris
951 446 1198 511 (lateralis
1233 463 1255 492 s
1303 444 1446 491 alaris
1480 442 1631 490 Heda-

456 522 604 583 wig),
643 516 783 582 quod
815 518 868 561 in
903 513 1061 560 axillis
1109 512 1351 574 provenit.
1430 508 1506 556 Ad
1549 507 1619 553 la-

457 597 565 630 tera
626 583 858 645 opposita
904 576 1176 624 terminalis
1228 574 1360 620 floris
1409 571 1622 619 feminei
1675 603 1677 605 ·

457 659 574 712 post
617 643 986 690 florescentiam
1036 644 1088 683 {11
1132 634 1385 682 nonnullis
1434 635 1619 680 Muscis

457 713 584 757 rami
610 708 707 754 duo
738 715 1060 760 excrescunt,
1095 699 1327 747 inde‘ssos
1356 710 1503 744 antea
1523 710 1621 744 ter-

457 771 656 822 minalis
690 769 1030 835 pericattpium
1070 768 1123 811 in
1165 779 1417 810 ramorum
1459 761 1620 808 axillis

458 843 609 886 situm
660 833 854 896 profert
901 842 952 876 et
996 826 1061 873 de
1108 830 1392 891 pericarpio
1442 824 1624 870 dicitur

458 912 655 947 tantum
689 894 831 960 quod
876 891 1011 937 alare
1058 892 1132 936 sit.
1214 891 1441 935 Termini
1486 889 1623 934 enim

462 962 679 1012 axillaris
737 970 788 1004 et
838 955 981 1002 alaris
1032 966 1147 1001 sunt
1196 952 1330 999 bene
1375 951 1619 998 distincti:

461 1026 678 1074 axillaris
728 1035 802 1069 est
852 1018 994 1085 quod
1048 1021 1102 1064 in
1154 1015 1309 1063 axillis
1356 1014 1620 1074 foliorum,

461 1092 607 1139 alaris
641 1104 762 1136 vero
800 1085 940 1152 quod
980 1085 1035 1129 in
1068 1081 1227 1129 axillis
1260 1096 1516 1128 ramorum
1549 1082 1624 1129 in-

459 1158 672 1207 venitur,

523 1219 637 1267 Flos
693 1214 943 1263 masculus
1004 1223 1199 1260 constat
1260 1210 1620 1268 Periclmeczb,
1674 1203 1677 1209 ’

460 1280 849 1347 Paraplzysibzcs
883 1292 932 1324 et
965 1274 1298 1323 Staminibas.
1665 1281 1669 1284 ·

495 1352 543 1411 a)
579 1347 974 1393 Per-telmessum
1012 1340 1351 1405 (Perigonium
1382 1336 1618 1400 Hedwig)

555 1425 670 1458 sunt
702 1409 825 1457 folia
858 1420 1023 1473 partes
1061 1403 1299 1470 genitales
1329 1401 1622 1449 circumval-
1667 1430 1676 1444 ι

556 1476 714 1522 lautia
760 1476 955 1537 saepius
995 1470 1160 1517 forma
1202 1467 1511 1532 reliquorum
1543 1464 1622 1513 fo-

557 1541 763 1597 liorum,
801 1536 1111 1603 quandoque
1136 1550 1316 1599 parum
1336 1531 1517 1578 latiora
1539 1529 1622 1584 vel
1667 1542 1672 1558 ·

556 1605 804 1670 longiora.

492 1670 548 1734 b)
585 1667 911 1734 Paraplzyses
960 1663 1092 1727 (Fila
1144 1660 1436 1709 succulenta
1485 1658 1624 1712 Hed-

536 1735 683 1797 λῆς)
731 1743 845 1779 sunt
893 1745 1109 1793 corpora
1153 1725 1416 1772 articulata
1449 1726 1624 1771 tenuia

558 1796 667 1845 fere
700 1795 951 1842 filiformia
991 1790 1287 1840 staminibus
1329 1791 1618 1836 intermista.

557 1863 762 1926 Species
797 1870 931 1905 sunt:
988 1858 1033 1917 1)
1061 1857 1369 1920 filzsf'ormes,
1400 1857 1462 1916 2)
1499 1870 1621 1899 acu-

560 1929 822 1981 minatae,
881 1925 929 1984 3)
967 1921 1206 1977 chemae,
1269 1921 1319 1980 4)
1359 1920 1621 1977 clavatae,

560 1992 610 2053 5)
641 1985 1228 2042 reticulato-clavatae,
1265 1985 1313 2044 6)
1339 1980 1623 2047 globuloso-
1658 2017 1661 2019 >

562 2056 827 2111 clavatae,
888 2051 934 2113 7)
971 2058 1336 2106 mucronacae‚
1394 2048 1444 2107 8)
1474 2045 1621 2110 ροιῖγ-
1675 2054 1677 2062 “

561 2118 813 2181 Πιονρῆαθ
855 2117 886 2161 i.
923 2130 961 2160 e.
999 2128 1209 2177 quarum
1240 2109 1399 2174 figura
1429 2113 1484 2155 in
1516 2126 1620 2168 unQ
1675 2137 1677 2140 ·

563 2181 851 2246 eodemque
883 2177 1008 2225 flore
1041 2177 1188 2223 varia.
1632 2192 1636 2196 ·

499 2250 547 2311 c)
584 2248 827 2293 Scamina
869 2245 952 2289 vix
991 2239 1173 2288 visibili
1219 2239 1497 2286 Filamento
1546 2240 1621 2285 in-
1667 2251 1672 2258 '

559 2323 747 2358 structa
781 2320 831 2355 et
861 2306 968 2353 fere
1012 2321 1074 2352 ex
1111 2302 1342 2351 Antheris
1391 2301 1619 2351 conflata·

563 2375 810 2422 Anclzem
848 2368 1431 2435 (Spermatocystidium)
1471 2370 1621 2430 apice
1674 2418 1677 2420 ,

563 2439 778 2487 dehiscit
811 2450 861 2484 et
892 2435 1067 2500 pollen
1106 2433 1421 2480 foecundans
1464 2430 1620 2479 affun-
1665 2457 1667 2465 ·

563 2504 659 2562 dite,
703 2514 799 2553 est:
849 2501 894 2562 1)
932 2499 1248 2563 cylindriccz‚
1293 2501 1342 2560 2)
1381 2509 1536 2544 ovata
1570 2507 1620 2543 et

562 2566 708 2616 simul
741 2568 1052 2614 acuminata
1084 2565 1138 2609 in
1171 2561 1422 2627 Sphagno.
