1677 2955
264 148 381 186 xx1v

458 256 579 289 nem
630 239 914 306 fragmenta
961 240 1102 287 vario
1153 237 1310 286 modo
1368 237 1590 286 lacerata

462 306 704 362 ostendit,
745 319 796 352 et
825 305 927 353 hoc
958 307 1012 350 in
1051 315 1181 350 statu
1219 319 1327 350 non
1360 299 1590 361 annulus,

462 371 554 418 sed
590 373 785 418 cortina
818 371 1122 418 nominatur.
1196 368 1249 416 Si
1281 383 1402 415 vero
1435 382 1592 414 mem-

465 435 624 482 brana
672 435 886 481 durante
935 431 1229 481 evolutione
1281 448 1311 478 a
1366 435 1594 496 margine

462 500 586 564 pilei
617 513 892 564 separatur,
928 512 1049 546 tuno
1085 496 1299 543 annulus
1333 512 1595 562 nuncupa-

464 577 567 621 tur,
602 567 739 626 cujus
773 567 967 630 species
1001 575 1142 610 sunt:
1203 565 1249 622 1)
1284 573 1501 619 erectus,
1544 563 1595 623 2)

462 633 709 689 inversus,
745 632 794 693 3)
820 630 1025 687 sessilis,
1059 631 1109 687 4)
1145 625 1370 685 mobilis,
1403 628 1454 688 5)
1482 642 1595 690 per-

464 696 663 753 sistens,
701 697 750 754 6)
772 696 979 759 fugax,
1017 696 1066 753 7)
1102 690 1500 737 arachnoidem.

336 757 400 812 G,
433 757 648 805 Pileus
682 776 876 805 summa
907 774 1022 822 pars
1056 755 1166 821 plus
1200 758 1429 802 minusve
1464 753 1598 805 orbi-

468 821 634 870 culata
683 823 952 887 fungorum
1003 837 1136 887 quae
1185 833 1351 886 partes
1392 817 1598 866 fructifi-

467 884 652 935 cantes
678 891 914 936 continet.
1005 888 1164 949 Hujus
1214 888 1413 950 species
1453 896 1594 931 sunt:

468 955 514 1014 1)
543 953 756 1016 planus,
808 955 863 1014 2)
908 968 1183 1008 convexus,
1240 952 1290 1012 3)
1326 965 1600 1005 concavus,

464 1020 513 1079 4)
543 1015 867 1076 ambonacas,
904 1018 952 1079 5)
978 1015 1398 1079 campanzclacus,
1434 1016 1482 1076 6)
1503 1017 1599 1059 vis·
1619 1047 1628 1052 -

464 1081 633 1139 cidus,
670 1083 717 1144 7)
750 1096 1070 1145 squamosus,
1108 1082 1157 1142 8)
1191 1094 1513 1142 squarroszcs,
1551 1080 1600 1140 9)

465 1145 796 1203 dimicliams,
853 1148 931 1204 10)
967 1146 1255 1207 scipz’cacas,
1315 1146 1393 1203 11)
1426 1142 1602 1188 sessilis

463 1225 497 1261 s.
534 1209 757 1266 acaalz's,
818 1213 895 1268 12)
941 1204 1120 1254 ovatus
1158 1209 1214 1254 in
1256 1206 1458 1265 Phallo,
1523 1209 1600 1269 13)

471 1271 700 1319 clavatas
731 1275 786 1329 in
820 1273 1084 1331 Clavariis,
1151 1276 1231 1331 14)
1275 1273 1598 1336 perforatus,

473 1349 650 1385 centro
707 1335 953 1386 foramine
1001 1352 1265 1401 precussus
1312 1338 1366 1383 in
1419 1334 1599 1388 Phallo
1672 1396 1674 1399 v

468 1401 747 1464 impudico.

532 1467 721 1514 Vertex
754 1483 844 1516 seu
879 1478 1110 1514 centrum
1142 1468 1359 1530 paginae
1378 1467 1603 1530 superio-

467 1533 535 1577 ris
568 1530 691 1594 pilei
730 1531 895 1577 Umbo
931 1531 1088 1590 audit,
1139 1543 1189 1577 et
1220 1533 1273 1577 in
1309 1530 1604 1594 descriptio-

467 1593 617 1645 nibus
649 1595 917 1655 indicatur,
954 1612 1020 1641 an
1052 1593 1209 1642 umbo
1236 1599 1297 1642 sit
1323 1596 1602 1659 depressus,

469 1662 679 1706 conicus
705 1672 799 1708 etc.
866 1663 1040 1707 Partes
1066 1659 1424 1707 fructificantes
1447 1663 1501 1706 in
1526 1663 1601 1706 in-

466 1722 640 1770 feriori
674 1727 862 1788 pagina
893 1723 1163 1789 fungorum
1197 1724 1499 1790 plerumque
1533 1724 1604 1770 la*-

467 1799 600 1846 tent‚
651 1799 821 1835 tamen
863 1791 918 1834 in
957 1789 1214 1840 nonnullis
1253 1792 1402 1835 etiam
1437 1792 1490 1835 in
1523 1807 1603 1836 su-

469 1853 672 1915 periore
705 1865 761 1899 ut
792 1855 845 1898 in
878 1853 1080 1911 Phallo‚
1118 1853 1370 1914 clavaria,
1413 1856 1602 1902 Peziza.

341 1917 404 1967 H,
440 1915 719 1963 Lam‘ella
754 1930 828 1963 est
865 1933 1047 1981 corpus
1072 1916 1344 1964 foliaceum
1365 1922 1605 1982 paginam

468 1979 765 2028 inferiorem
813 1980 938 2045 pilei
984 1980 1257 2045 fungorum
1316 1999 1601 2047 occupans,

468 2046 525 2089 in
577 2062 679 2109 quo
728 2058 896 2110 partes
945 2044 1318 2094 fructificantes.
1415 2049 1608 2103 Distin-

415 2123 418 2125 ’
470 2122 688 2175 guuntur
722 2122 1015 2175 sequentes:
1058 2113 1107 2172 1)
1143 2111 1416 2175 aequales,
1452 2115 1508 2174 2)
1530 2117 1603 2159 in-

469 2173 739 2236 aequales,
784 2177 838 2236 3)
875 2174 1156 2234 biserffczles,
1201 2178 1254 2236 4)
1291 2179 1601 2238 c-rz‘serz'ales,

468 2239 518 2300 5)
553 2255 815 2297 ramosae,
853 2241 903 2301 6)
936 2240 1220 2298 dammae,
1256 2242 1306 2303 7)
1332 2242 1604 2287 decurren-

471 2313 563 2360 ces,
599 2306 647 2365 8)
681 2320 926 2350 venosae.

341 2367 379 2424 I,
410 2364 605 2418 Porus
639 2383 824 2431 magna
858 2369 1008 2477 copia
1039 2367 1402 2416 nonnullorum
1425 2369 1604 2434 fungo-
1652 2401 1665 2409 x

468 2446 579 2479 rum
601 2434 840 2494 paginam
858 2435 910 2478 in
930 2433 1151 2479 'eriorem
1174 2447 1394 2499 occupat
1417 2447 1466 2481 et
1485 2451 1602 2499 par-

469 2506 543 2540 tes
582 2494 938 2549 fructificantes
982 2497 1262 2548 abscondit.
1362 2499 1488 2554 Sunt
1527 2514 1604 2551 se-

471 2572 683 2633 quentes
717 2573 848 2617 non:⁴
