<?xml version="1.0" encoding="UTF-8"?>
<!DOCTYPE html PUBLIC "-//W3C//DTD XHTML 1.0 Transitional//EN"
    "http://www.w3.org/TR/xhtml1/DTD/xhtml1-transitional.dtd">
<html xmlns="http://www.w3.org/1999/xhtml" xml:lang="en" lang="en">
 <head>
  <title>
</title>
<meta http-equiv="Content-Type" content="text/html;charset=utf-8" />
  <meta name='ocr-system' content='tesseract 3.04.00' />
  <meta name='ocr-capabilities' content='ocr_page ocr_carea ocr_par ocr_line ocrx_word'/>
</head>
<body>
  <div class='ocr_page' id='page_1' title='image "./speciesplantarum05linn_0026.png"; bbox 0 0 1677 2955; ppageno 0'>
   <div class='ocr_carea' id='block_1_1' title="bbox 281 178 402 210">
    <p class='ocr_par' dir='ltr' id='par_1_1' title="bbox 281 178 402 210">
     <span class='ocr_line' id='line_1_1' title="bbox 281 178 402 210; baseline -0.017 0"><span class='ocrx_word' id='word_1_1' title='bbox 281 178 402 210; x_wconf 74' lang='lat' dir='ltr'>xva-1</span> 
     </span>
    </p>
   </div>
   <div class='ocr_carea' id='block_1_2' title="bbox 435 257 1677 2194">
    <p class='ocr_par' dir='ltr' id='par_1_2' title="bbox 511 257 1609 315">
     <span class='ocr_line' id='line_1_2' title="bbox 511 257 1609 315; baseline -0.012 0"><span class='ocrx_word' id='word_1_2' title='bbox 511 263 854 315; x_wconf 84' lang='lat' dir='ltr'><strong>lanceolatum</strong></span> <span class='ocrx_word' id='word_1_3' title='bbox 909 274 957 309; x_wconf 83' lang='lat' dir='ltr'><strong>et</strong></span> <span class='ocrx_word' id='word_1_4' title='bbox 1001 275 1121 307; x_wconf 84' lang='lat' dir='ltr'><strong>mox</strong></span> <span class='ocrx_word' id='word_1_5' title='bbox 1169 257 1457 314; x_wconf 83' lang='lat' dir='ltr'><strong>subulatum</strong></span> <span class='ocrx_word' id='word_1_6' title='bbox 1500 271 1609 304; x_wconf 87' lang='lat' dir='ltr'><strong>eva-</strong></span> 
     </span>
    </p>

    <p class='ocr_par' dir='ltr' id='par_1_3' title="bbox 515 322 1531 389">
     <span class='ocr_line' id='line_1_3' title="bbox 515 322 1531 389; baseline -0.01 -10"><span class='ocrx_word' id='word_1_7' title='bbox 515 332 589 379; x_wconf 90' lang='lat' dir='ltr'><strong>dit</strong></span> <span class='ocrx_word' id='word_1_8' title='bbox 623 347 666 378; x_wconf 89' lang='lat' dir='ltr'><strong>e.</strong></span> <span class='ocrx_word' id='word_1_9' title='bbox 780 325 1116 389; x_wconf 81' lang='lat' dir='ltr'><strong>Didymodon</strong></span> <span class='ocrx_word' id='word_1_10' title='bbox 1150 322 1531 369; x_wconf 84' lang='lat' dir='ltr'><strong>homomallum.</strong></span> 
     </span>
    </p>

    <p class='ocr_par' dir='ltr' id='par_1_4' title="bbox 449 385 1610 527">
     <span class='ocr_line' id='line_1_4' title="bbox 449 385 1610 460; baseline -0.01 -18"><span class='ocrx_word' id='word_1_11' title='bbox 449 401 529 460; x_wconf 83' lang='lat'><strong>23)</strong></span> <span class='ocrx_word' id='word_1_12' title='bbox 589 397 708 458; x_wconf 63' lang='lat' dir='ltr'><strong>capi</strong></span> <span class='ocrx_word' id='word_1_13' title='bbox 728 394 840 439; x_wconf 78' lang='lat' dir='ltr'><strong>lare</strong></span> <span class='ocrx_word' id='word_1_14' title='bbox 861 428 882 445; x_wconf 80' lang='lat'><em>‚</em></span> <span class='ocrx_word' id='word_1_15' title='bbox 945 387 1309 452; x_wconf 89' lang='lat' dir='ltr'><strong>(trichoideum</strong></span> <span class='ocrx_word' id='word_1_16' title='bbox 1366 385 1610 449; x_wconf 85' lang='lat' dir='ltr'><strong>Hedwig)</strong></span> 
     </span>
     <span class='ocr_line' id='line_1_5' title="bbox 517 451 1394 527; baseline -0.014 -19"><span class='ocrx_word' id='word_1_17' title='bbox 517 459 657 527; x_wconf 88' lang='lat' dir='ltr'><strong>quod</strong></span> <span class='ocrx_word' id='word_1_18' title='bbox 692 459 986 504; x_wconf 77' lang='lat' dir='ltr'>tenuitatem</span> <span class='ocrx_word' id='word_1_19' title='bbox 1023 451 1194 517; x_wconf 86' lang='lat' dir='ltr'><strong>capilli</strong></span> <span class='ocrx_word' id='word_1_20' title='bbox 1228 451 1394 497; x_wconf 82' lang='lat' dir='ltr'><strong>habet.</strong></span> 
     </span>
    </p>

    <p class='ocr_par' dir='ltr' id='par_1_5' title="bbox 454 517 1615 768">
     <span class='ocr_line' id='line_1_6' title="bbox 547 517 1612 572; baseline -0.013 0"><span class='ocrx_word' id='word_1_21' title='bbox 547 523 688 572; x_wconf 82' lang='lat' dir='ltr'><strong>Folia</strong></span> <span class='ocrx_word' id='word_1_22' title='bbox 720 524 881 569; x_wconf 85' lang='lat' dir='ltr'><strong>incisa</strong></span> <span class='ocrx_word' id='word_1_23' title='bbox 919 532 969 566; x_wconf 86' lang='lat' dir='ltr'><strong>et</strong></span> <span class='ocrx_word' id='word_1_24' title='bbox 1001 517 1173 565; x_wconf 82' lang='lat' dir='ltr'><strong>lobata</strong></span> <span class='ocrx_word' id='word_1_25' title='bbox 1208 519 1260 562; x_wconf 86' lang='lat' dir='ltr'><strong>in</strong></span> <span class='ocrx_word' id='word_1_26' title='bbox 1293 517 1478 568; x_wconf 79' lang='lat' dir='ltr'><strong>Muscis</strong></span> <span class='ocrx_word' id='word_1_27' title='bbox 1506 530 1612 560; x_wconf 91' lang='lat' dir='ltr'><strong>non</strong></span> 
     </span>
     <span class='ocr_line' id='line_1_7' title="bbox 454 578 1614 647; baseline -0.014 -8"><span class='ocrx_word' id='word_1_28' title='bbox 454 600 739 639; x_wconf 86' lang='lat' dir='ltr'><strong>occurrunt.</strong></span> <span class='ocrx_word' id='word_1_29' title='bbox 824 587 882 632; x_wconf 89' lang='lat' dir='ltr'><strong>In</strong></span> <span class='ocrx_word' id='word_1_30' title='bbox 914 582 1316 647; x_wconf 81' lang='lat' dir='ltr'><strong>Jungermanniis</strong></span> <span class='ocrx_word' id='word_1_31' title='bbox 1361 578 1614 626; x_wconf 84' lang='lat' dir='ltr'><strong>interdum</strong></span> 
     </span>
     <span class='ocr_line' id='line_1_8' title="bbox 457 643 1615 720; baseline -0.011 -19"><span class='ocrx_word' id='word_1_32' title='bbox 457 657 597 720; x_wconf 83' lang='lat' dir='ltr'>quasi</span> <span class='ocrx_word' id='word_1_33' title='bbox 629 652 802 699; x_wconf 84' lang='lat' dir='ltr'><strong>lobata</strong></span> <span class='ocrx_word' id='word_1_34' title='bbox 836 648 917 697; x_wconf 86' lang='lat' dir='ltr'><strong>vel</strong></span> <span class='ocrx_word' id='word_1_35' title='bbox 948 651 1117 713; x_wconf 88' lang='lat' dir='ltr'><strong>potius</strong></span> <span class='ocrx_word' id='word_1_36' title='bbox 1151 643 1411 712; x_wconf 80' lang='lat' dir='ltr'><strong>profunde</strong></span> <span class='ocrx_word' id='word_1_37' title='bbox 1443 644 1615 690; x_wconf 83' lang='lat' dir='ltr'><strong>denta-</strong></span> 
     </span>
     <span class='ocr_line' id='line_1_9' title="bbox 456 718 888 768; baseline -0.012 0"><span class='ocrx_word' id='word_1_38' title='bbox 456 732 509 768; x_wconf 86' lang='lat' dir='ltr'><strong>ta</strong></span> <span class='ocrx_word' id='word_1_39' title='bbox 543 718 888 766; x_wconf 84' lang='lat' dir='ltr'><strong>observantur.</strong></span> 
     </span>
    </p>

    <p class='ocr_par' dir='ltr' id='par_1_6' title="bbox 458 780 1042 843">
     <span class='ocr_line' id='line_1_10' title="bbox 458 780 1042 843; baseline -0.017 -10"><span class='ocrx_word' id='word_1_40' title='bbox 458 798 465 842; x_wconf 76' lang='grc' dir='ltr'><strong><em>ζ</em></strong></span> <span class='ocrx_word' id='word_1_41' title='bbox 693 781 739 828; x_wconf 91' lang='lat' dir='ltr'><strong>d.</strong></span> <span class='ocrx_word' id='word_1_42' title='bbox 774 780 1042 843; x_wconf 71' lang='lat' dir='ltr'><strong>Margine.</strong></span> 
     </span>
    </p>

    <p class='ocr_par' dir='ltr' id='par_1_7' title="bbox 457 838 1620 972">
     <span class='ocr_line' id='line_1_11' title="bbox 457 838 1620 911; baseline -0.009 -17"><span class='ocrx_word' id='word_1_43' title='bbox 457 851 536 911; x_wconf 72' lang='lat'><strong>24)</strong></span> <span class='ocrx_word' id='word_1_44' title='bbox 572 846 1008 910; x_wconf 71' lang='lat' dir='ltr'><strong>carcz‘lagmenm,</strong></span> <span class='ocrx_word' id='word_1_45' title='bbox 1047 842 1184 902; x_wconf 81' lang='lat' dir='ltr'><strong>cujus</strong></span> <span class='ocrx_word' id='word_1_46' title='bbox 1219 856 1391 904; x_wconf 82' lang='lat' dir='ltr'><strong>margo</strong></span> <span class='ocrx_word' id='word_1_47' title='bbox 1430 838 1620 903; x_wconf 80' lang='lat' dir='ltr'>absque</span> 
     </span>
     <span class='ocr_line' id='line_1_12' title="bbox 522 904 1620 972; baseline -0.007 -14"><span class='ocrx_word' id='word_1_48' title='bbox 522 910 754 958; x_wconf 81' lang='lat' dir='ltr'><strong>dentibus</strong></span> <span class='ocrx_word' id='word_1_49' title='bbox 791 919 943 972; x_wconf 84' lang='lat' dir='ltr'><strong>atque</strong></span> <span class='ocrx_word' id='word_1_50' title='bbox 967 909 1227 952; x_wconf 68' lang='lat' dir='ltr'><strong>serraturis</strong></span> <span class='ocrx_word' id='word_1_51' title='bbox 1255 904 1620 967; x_wconf 82' lang='lat' dir='ltr'><strong>cartilagineus.</strong></span> 
     </span>
    </p>

    <p class='ocr_par' dir='ltr' id='par_1_8' title="bbox 457 969 1622 1102">
     <span class='ocr_line' id='line_1_13' title="bbox 457 969 1622 1039; baseline -0.009 -15"><span class='ocrx_word' id='word_1_52' title='bbox 457 979 539 1039; x_wconf 81' lang='lat'><strong>25)</strong></span> <span class='ocrx_word' id='word_1_53' title='bbox 574 976 998 1039; x_wconf 66' lang='lat' dir='ltr'><strong>integerrinmm,</strong></span> <span class='ocrx_word' id='word_1_54' title='bbox 1037 969 1178 1035; x_wconf 88' lang='lat' dir='ltr'><strong>quod</strong></span> <span class='ocrx_word' id='word_1_55' title='bbox 1213 984 1382 1034; x_wconf 85' lang='lat' dir='ltr'><strong>neque</strong></span> <span class='ocrx_word' id='word_1_56' title='bbox 1409 980 1622 1015; x_wconf 84' lang='lat' dir='ltr'><strong>serratu-</strong></span> 
     </span>
     <span class='ocr_line' id='line_1_14' title="bbox 522 1035 1296 1102; baseline -0.012 -15"><span class='ocrx_word' id='word_1_57' title='bbox 522 1058 599 1087; x_wconf 85' lang='lat' dir='ltr'><strong>ras</strong></span> <span class='ocrx_word' id='word_1_58' title='bbox 635 1052 801 1102; x_wconf 81' lang='lat' dir='ltr'><strong>neque</strong></span> <span class='ocrx_word' id='word_1_59' title='bbox 838 1035 1014 1083; x_wconf 85' lang='lat' dir='ltr'><strong>dentes</strong></span> <span class='ocrx_word' id='word_1_60' title='bbox 1048 1035 1213 1082; x_wconf 84' lang='lat' dir='ltr'><strong>habet.</strong></span> <span class='ocrx_word' id='word_1_61' title='bbox 1253 1037 1296 1095; x_wconf 75' lang='lat'><strong>⁴¹)</strong></span> 
     </span>
    </p>

    <p class='ocr_par' dir='ltr' id='par_1_9' title="bbox 459 1099 1635 1294">
     <span class='ocr_line' id='line_1_15' title="bbox 459 1099 1621 1166; baseline -0.009 -12"><span class='ocrx_word' id='word_1_62' title='bbox 459 1111 543 1166; x_wconf 82' lang='lat'><strong>26)</strong></span> <span class='ocrx_word' id='word_1_63' title='bbox 577 1118 862 1153; x_wconf 66' lang='lat' dir='ltr'><strong>serrulam,</strong></span> <span class='ocrx_word' id='word_1_64' title='bbox 899 1101 1157 1146; x_wconf 81' lang='lat' dir='ltr'><strong>serraturis</strong></span> <span class='ocrx_word' id='word_1_65' title='bbox 1192 1101 1504 1146; x_wconf 85' lang='lat' dir='ltr'><strong>instructum.</strong></span> <span class='ocrx_word' id='word_1_66' title='bbox 1562 1099 1621 1143; x_wconf 89' lang='lat' dir='ltr'><strong>In</strong></span> 
     </span>
     <span class='ocr_line' id='line_1_16' title="bbox 525 1164 1635 1230; baseline -0.007 -14"><span class='ocrx_word' id='word_1_67' title='bbox 525 1168 864 1230; x_wconf 76' lang='lat' dir='ltr'><strong>descriptione</strong></span> <span class='ocrx_word' id='word_1_68' title='bbox 903 1165 1107 1222; x_wconf 84' lang='lat' dir='ltr'><strong>dicitur,</strong></span> <span class='ocrx_word' id='word_1_69' title='bbox 1161 1180 1225 1209; x_wconf 83' lang='lat' dir='ltr'><strong>an</strong></span> <span class='ocrx_word' id='word_1_70' title='bbox 1267 1166 1366 1209; x_wconf 87' lang='lat' dir='ltr'><strong>sint</strong></span> <span class='ocrx_word' id='word_1_71' title='bbox 1398 1164 1635 1227; x_wconf 82' lang='lat' dir='ltr'><strong>margine</strong></span> 
     </span>
     <span class='ocr_line' id='line_1_17' title="bbox 523 1228 1623 1294; baseline -0.006 -13"><span class='ocrx_word' id='word_1_72' title='bbox 523 1246 631 1280; x_wconf 84' lang='lat' dir='ltr'><strong>toto</strong></span> <span class='ocrx_word' id='word_1_73' title='bbox 666 1230 745 1277; x_wconf 87' lang='lat' dir='ltr'><strong>vel</strong></span> <span class='ocrx_word' id='word_1_74' title='bbox 781 1231 926 1294; x_wconf 82' lang='lat' dir='ltr'><strong>apice</strong></span> <span class='ocrx_word' id='word_1_75' title='bbox 958 1229 1040 1277; x_wconf 82' lang='lat' dir='ltr'><strong>vel</strong></span> <span class='ocrx_word' id='word_1_76' title='bbox 1072 1228 1180 1274; x_wconf 82' lang='lat' dir='ltr'><strong>basi</strong></span> <span class='ocrx_word' id='word_1_77' title='bbox 1206 1240 1399 1274; x_wconf 87' lang='lat' dir='ltr'><strong>tantum</strong></span> <span class='ocrx_word' id='word_1_78' title='bbox 1425 1239 1623 1274; x_wconf 85' lang='lat' dir='ltr'><strong>serrata.</strong></span> 
     </span>
    </p>

    <p class='ocr_par' dir='ltr' id='par_1_10' title="bbox 435 1295 1624 1425">
     <span class='ocr_line' id='line_1_18' title="bbox 435 1295 1624 1361; baseline -0.008 -15"><span class='ocrx_word' id='word_1_79' title='bbox 435 1325 438 1330; x_wconf 97' lang='lat'>·</span> <span class='ocrx_word' id='word_1_80' title='bbox 459 1303 540 1361; x_wconf 58' lang='grc' dir='ltr'><strong>εν)</strong></span> <span class='ocrx_word' id='word_1_81' title='bbox 578 1298 949 1360; x_wconf 73' lang='lat' dir='ltr'><strong>cartilagineo-</strong></span> <span class='ocrx_word' id='word_1_82' title='bbox 963 1304 1251 1345; x_wconf 73' lang='lat' dir='ltr'><strong>serratam,</strong></span> <span class='ocrx_word' id='word_1_83' title='bbox 1271 1295 1313 1338; x_wconf 90' lang='lat' dir='ltr'><strong>si</strong></span> <span class='ocrx_word' id='word_1_84' title='bbox 1329 1309 1498 1357; x_wconf 77' lang='lat' dir='ltr'><strong>margo</strong></span> <span class='ocrx_word' id='word_1_85' title='bbox 1521 1308 1624 1338; x_wconf 84' lang='lat' dir='ltr'><strong>car-</strong></span> 
     </span>
     <span class='ocr_line' id='line_1_19' title="bbox 526 1363 1088 1425; baseline -0.005 -17"><span class='ocrx_word' id='word_1_86' title='bbox 526 1363 789 1425; x_wconf 79' lang='lat' dir='ltr'><strong>tilagineus</strong></span> <span class='ocrx_word' id='word_1_87' title='bbox 823 1371 1054 1405; x_wconf 85' lang='lat' dir='ltr'><strong>serratus.</strong></span> <span class='ocrx_word' id='word_1_88' title='bbox 1083 1405 1088 1411; x_wconf 73' lang='grc'><em>,</em></span> 
     </span>
    </p>

    <p class='ocr_par' dir='ltr' id='par_1_11' title="bbox 463 1419 1627 1602">
     <span class='ocr_line' id='line_1_20' title="bbox 463 1419 1626 1489; baseline -0.007 -15"><span class='ocrx_word' id='word_1_89' title='bbox 463 1431 543 1489; x_wconf 78' lang='lat'><strong>28)</strong></span> <span class='ocrx_word' id='word_1_90' title='bbox 567 1428 833 1476; x_wconf 65' lang='lat' dir='ltr'><strong>cilinium,</strong></span> <span class='ocrx_word' id='word_1_91' title='bbox 860 1422 1179 1487; x_wconf 86' lang='lat' dir='ltr'><strong>processibus</strong></span> <span class='ocrx_word' id='word_1_92' title='bbox 1207 1419 1526 1486; x_wconf 80' lang='lat' dir='ltr'><strong>capillaribus</strong></span> <span class='ocrx_word' id='word_1_93' title='bbox 1554 1420 1626 1467; x_wconf 87' lang='lat' dir='ltr'><strong>di-</strong></span> 
     </span>
     <span class='ocr_line' id='line_1_21' title="bbox 525 1487 1627 1552; baseline -0.005 -13"><span class='ocrx_word' id='word_1_94' title='bbox 525 1489 767 1539; x_wconf 85' lang='lat' dir='ltr'><strong>stantibus</strong></span> <span class='ocrx_word' id='word_1_95' title='bbox 813 1487 1106 1552; x_wconf 80' lang='lat' dir='ltr'><strong>aequalibus</strong></span> <span class='ocrx_word' id='word_1_96' title='bbox 1148 1489 1374 1550; x_wconf 79' lang='lat' dir='ltr'><strong>margine</strong></span> <span class='ocrx_word' id='word_1_97' title='bbox 1414 1489 1627 1533; x_wconf 86' lang='lat' dir='ltr'><strong>instruc-</strong></span> 
     </span>
     <span class='ocr_line' id='line_1_22' title="bbox 527 1568 647 1602; baseline 0 0"><span class='ocrx_word' id='word_1_98' title='bbox 527 1568 647 1602; x_wconf 82' lang='lat' dir='ltr'><strong>tum..</strong></span> 
     </span>
    </p>

    <p class='ocr_par' dir='ltr' id='par_1_12' title="bbox 463 1613 1636 1740">
     <span class='ocr_line' id='line_1_23' title="bbox 463 1613 1626 1680; baseline -0.004 -16"><span class='ocrx_word' id='word_1_99' title='bbox 463 1623 546 1679; x_wconf 82' lang='lat'><strong>29)</strong></span> <span class='ocrx_word' id='word_1_100' title='bbox 583 1618 919 1670; x_wconf 73' lang='lat' dir='ltr'><strong>undulatam,</strong></span> <span class='ocrx_word' id='word_1_101' title='bbox 947 1618 986 1663; x_wconf 91' lang='lat' dir='ltr'><strong>si</strong></span> <span class='ocrx_word' id='word_1_102' title='bbox 1013 1630 1188 1679; x_wconf 80' lang='lat' dir='ltr'><strong>margo</strong></span> <span class='ocrx_word' id='word_1_103' title='bbox 1214 1614 1360 1680; x_wconf 85' lang='lat' dir='ltr'><strong>plicis</strong></span> <span class='ocrx_word' id='word_1_104' title='bbox 1384 1613 1626 1679; x_wconf 83' lang='lat' dir='ltr'><strong>irregula-</strong></span> 
     </span>
     <span class='ocr_line' id='line_1_24' title="bbox 525 1682 1636 1740; baseline -0.005 -10"><span class='ocrx_word' id='word_1_105' title='bbox 525 1682 658 1730; x_wconf 87' lang='lat' dir='ltr'><strong>ribus</strong></span> <span class='ocrx_word' id='word_1_106' title='bbox 695 1682 924 1729; x_wconf 85' lang='lat' dir='ltr'><strong>donatus.</strong></span> <span class='ocrx_word' id='word_1_107' title='bbox 1331 1695 1334 1698; x_wconf 72' lang='grc'>“</span> <span class='ocrx_word' id='word_1_108' title='bbox 1633 1738 1636 1740; x_wconf 14' lang='lat' dir='ltr'>q</span> 
     </span>
    </p>

    <p class='ocr_par' dir='ltr' id='par_1_13' title="bbox 462 1742 1677 1875">
     <span class='ocr_line' id='line_1_25' title="bbox 462 1742 1677 1811; baseline -0.004 -17"><span class='ocrx_word' id='word_1_109' title='bbox 462 1752 544 1811; x_wconf 76' lang='lat'><strong>30)</strong></span> <span class='ocrx_word' id='word_1_110' title='bbox 576 1748 906 1799; x_wconf 71' lang='lat' dir='ltr'><strong>involutum,</strong></span> <span class='ocrx_word' id='word_1_111' title='bbox 950 1747 992 1791; x_wconf 89' lang='lat' dir='ltr'><strong>si</strong></span> <span class='ocrx_word' id='word_1_112' title='bbox 1036 1761 1211 1808; x_wconf 83' lang='lat' dir='ltr'><strong>margo</strong></span> <span class='ocrx_word' id='word_1_113' title='bbox 1253 1744 1527 1792; x_wconf 72' lang='lat' dir='ltr'><strong>reflectitur</strong></span> <span class='ocrx_word' id='word_1_114' title='bbox 1561 1742 1628 1790; x_wconf 86' lang='lat' dir='ltr'><strong>ad</strong></span> <span class='ocrx_word' id='word_1_115' title='bbox 1671 1761 1677 1765; x_wconf 89' lang='lat'><em>·</em></span> 
     </span>
     <span class='ocr_line' id='line_1_26' title="bbox 527 1809 1210 1875; baseline 0 -18"><span class='ocrx_word' id='word_1_116' title='bbox 527 1809 847 1875; x_wconf 82' lang='lat' dir='ltr'><strong>superficiem</strong></span> <span class='ocrx_word' id='word_1_117' title='bbox 881 1812 1210 1872; x_wconf 90' lang='lat' dir='ltr'><strong>superiorem.</strong></span> 
     </span>
    </p>

    <p class='ocr_par' dir='ltr' id='par_1_14' title="bbox 463 1872 1627 2004">
     <span class='ocr_line' id='line_1_27' title="bbox 463 1872 1627 1936; baseline -0.004 -13"><span class='ocrx_word' id='word_1_118' title='bbox 463 1879 555 1936; x_wconf 85' lang='lat'><strong>31)</strong></span> <span class='ocrx_word' id='word_1_119' title='bbox 582 1876 899 1926; x_wconf 66' lang='lat' dir='ltr'><strong>revolutum,</strong></span> <span class='ocrx_word' id='word_1_120' title='bbox 952 1875 994 1918; x_wconf 86' lang='lat' dir='ltr'><strong>si</strong></span> <span class='ocrx_word' id='word_1_121' title='bbox 1034 1890 1207 1935; x_wconf 82' lang='lat' dir='ltr'><strong>margo</strong></span> <span class='ocrx_word' id='word_1_122' title='bbox 1252 1872 1528 1932; x_wconf 79' lang='lat' dir='ltr'><strong>reflectitur</strong></span> <span class='ocrx_word' id='word_1_123' title='bbox 1563 1872 1627 1919; x_wconf 85' lang='lat' dir='ltr'><strong>ad</strong></span> 
     </span>
     <span class='ocr_line' id='line_1_28' title="bbox 527 1935 1179 2004; baseline 0 -19"><span class='ocrx_word' id='word_1_124' title='bbox 527 1937 844 2004; x_wconf 76' lang='lat' dir='ltr'><strong>superficiem</strong></span> <span class='ocrx_word' id='word_1_125' title='bbox 878 1935 1179 1985; x_wconf 76' lang='lat' dir='ltr'><strong>inFeriorem.</strong></span> 
     </span>
    </p>

    <p class='ocr_par' dir='ltr' id='par_1_15' title="bbox 465 2002 1627 2194">
     <span class='ocr_line' id='line_1_29' title="bbox 701 2002 1063 2065; baseline -0.006 -17"><span class='ocrx_word' id='word_1_126' title='bbox 701 2017 743 2051; x_wconf 81' lang='lat' dir='ltr'><strong>e.</strong></span> <span class='ocrx_word' id='word_1_127' title='bbox 781 2002 1063 2065; x_wconf 72' lang='lat' dir='ltr'><strong>Superstcie</strong></span> 
     </span>
     <span class='ocr_line' id='line_1_30' title="bbox 465 2064 1626 2130; baseline -0.001 -15"><span class='ocrx_word' id='word_1_128' title='bbox 465 2070 547 2128; x_wconf 80' lang='lat'><strong>32)</strong></span> <span class='ocrx_word' id='word_1_129' title='bbox 577 2068 828 2130; x_wconf 73' lang='lat' dir='ltr'><strong>planum,</strong></span> <span class='ocrx_word' id='word_1_130' title='bbox 861 2065 1000 2130; x_wconf 85' lang='lat' dir='ltr'><strong>quod</strong></span> <span class='ocrx_word' id='word_1_131' title='bbox 1021 2064 1208 2130; x_wconf 83' lang='lat' dir='ltr'><strong>absque</strong></span> <span class='ocrx_word' id='word_1_132' title='bbox 1224 2064 1327 2112; x_wconf 83' lang='lat' dir='ltr'><strong>ulla</strong></span> <span class='ocrx_word' id='word_1_133' title='bbox 1348 2078 1626 2114; x_wconf 84' lang='lat' dir='ltr'><strong>curvatura.</strong></span> 
     </span>
     <span class='ocr_line' id='line_1_31' title="bbox 466 2129 1627 2194; baseline 0 -17"><span class='ocrx_word' id='word_1_134' title='bbox 466 2135 547 2192; x_wconf 79' lang='lat'><strong>33)</strong></span> <span class='ocrx_word' id='word_1_135' title='bbox 585 2147 897 2182; x_wconf 71' lang='lat' dir='ltr'><strong>concavum,</strong></span> <span class='ocrx_word' id='word_1_136' title='bbox 935 2129 1076 2194; x_wconf 88' lang='lat' dir='ltr'><strong>quod</strong></span> <span class='ocrx_word' id='word_1_137' title='bbox 1111 2131 1283 2175; x_wconf 85' lang='lat' dir='ltr'><strong>medio</strong></span> <span class='ocrx_word' id='word_1_138' title='bbox 1322 2129 1627 2194; x_wconf 87' lang='lat' dir='ltr'><strong>depressum.</strong></span> 
     </span>
    </p>
   </div>
   <div class='ocr_carea' id='block_1_3' title="bbox 465 2192 1629 2322">
    <p class='ocr_par' dir='ltr' id='par_1_16' title="bbox 465 2192 1629 2322">
     <span class='ocr_line' id='line_1_32' title="bbox 465 2192 1629 2260; baseline -0.001 -19"><span class='ocrx_word' id='word_1_139' title='bbox 465 2205 527 2253; x_wconf 79' lang='grc'><strong>34</strong></span> <span class='ocrx_word' id='word_1_140' title='bbox 586 2195 1030 2250; x_wconf 67' lang='grc' dir='ltr'><strong>εαηιιίίοιιίίιίηιῃ,</strong></span> <span class='ocrx_word' id='word_1_141' title='bbox 1071 2192 1212 2259; x_wconf 88' lang='lat' dir='ltr'><strong>quod</strong></span> <span class='ocrx_word' id='word_1_142' title='bbox 1243 2194 1382 2242; x_wconf 83' lang='lat' dir='ltr'><strong>linea</strong></span> <span class='ocrx_word' id='word_1_143' title='bbox 1414 2194 1629 2260; x_wconf 83' lang='lat' dir='ltr'><strong>longitu-</strong></span> 
     </span>
     <span class='ocr_line' id='line_1_33' title="bbox 531 2259 1198 2322; baseline 0 -16"><span class='ocrx_word' id='word_1_144' title='bbox 531 2259 689 2306; x_wconf 87' lang='lat' dir='ltr'><strong>dinali</strong></span> <span class='ocrx_word' id='word_1_145' title='bbox 721 2262 963 2322; x_wconf 86' lang='lat' dir='ltr'><strong>impressa</strong></span> <span class='ocrx_word' id='word_1_146' title='bbox 996 2259 1198 2322; x_wconf 83' lang='lat' dir='ltr'><strong>gaudet.</strong></span> 
     </span>
    </p>
   </div>
   <div class='ocr_carea' id='block_1_4' title="bbox 307 2413 1630 2637">
    <p class='ocr_par' dir='ltr' id='par_1_17' title="bbox 307 2413 1630 2637">
     <span class='ocr_line' id='line_1_34' title="bbox 307 2413 1630 2461; baseline 0.002 -13"><span class='ocrx_word' id='word_1_147' title='bbox 307 2415 339 2459; x_wconf 80' lang='lat'><strong>⁰)</strong></span> <span class='ocrx_word' id='word_1_148' title='bbox 365 2415 394 2448; x_wconf 82' lang='lat' dir='ltr'><strong>A</strong></span> <span class='ocrx_word' id='word_1_149' title='bbox 416 2414 606 2449; x_wconf 82' lang='lat' dir='ltr'><strong>Botanicis</strong></span> <span class='ocrx_word' id='word_1_150' title='bbox 632 2413 748 2449; x_wconf 78' lang='lat' dir='ltr'><strong>nostri</strong></span> <span class='ocrx_word' id='word_1_151' title='bbox 776 2413 852 2448; x_wconf 85' lang='lat' dir='ltr'><strong>aevi</strong></span> <span class='ocrx_word' id='word_1_152' title='bbox 885 2425 991 2461; x_wconf 85' lang='lat' dir='ltr'><strong>saepe</strong></span> <span class='ocrx_word' id='word_1_153' title='bbox 1028 2413 1160 2448; x_wconf 85' lang='lat' dir='ltr'><strong>folium</strong></span> <span class='ocrx_word' id='word_1_154' title='bbox 1194 2414 1376 2461; x_wconf 82' lang='lat' dir='ltr'><strong>integrum</strong></span> <span class='ocrx_word' id='word_1_155' title='bbox 1411 2426 1445 2450; x_wconf 84' lang='lat' dir='ltr'><strong>et</strong></span> <span class='ocrx_word' id='word_1_156' title='bbox 1476 2415 1630 2461; x_wconf 85' lang='lat' dir='ltr'><strong>integer-</strong></span> 
     </span>
     <span class='ocr_line' id='line_1_35' title="bbox 419 2459 1626 2508; baseline 0.002 -14"><span class='ocrx_word' id='word_1_157' title='bbox 419 2461 552 2494; x_wconf 85' lang='lat' dir='ltr'><strong>rimum</strong></span> <span class='ocrx_word' id='word_1_158' title='bbox 586 2472 625 2494; x_wconf 89' lang='lat' dir='ltr'><strong>ut</strong></span> <span class='ocrx_word' id='word_1_159' title='bbox 658 2472 692 2494; x_wconf 80' lang='lat' dir='ltr'><strong>et</strong></span> <span class='ocrx_word' id='word_1_160' title='bbox 724 2459 825 2494; x_wconf 75' lang='lat' dir='ltr'><strong>ftons</strong></span> <span class='ocrx_word' id='word_1_161' title='bbox 859 2460 997 2505; x_wconf 83' lang='lat' dir='ltr'><strong>integra</strong></span> <span class='ocrx_word' id='word_1_162' title='bbox 1031 2471 1066 2494; x_wconf 88' lang='lat' dir='ltr'><strong>et</strong></span> <span class='ocrx_word' id='word_1_163' title='bbox 1100 2461 1333 2508; x_wconf 84' lang='lat' dir='ltr'><strong>integerrima</strong></span> <span class='ocrx_word' id='word_1_164' title='bbox 1374 2462 1626 2497; x_wconf 77' lang='lat' dir='ltr'><strong>confunditur.</strong></span> 
     </span>
     <span class='ocr_line' id='line_1_36' title="bbox 418 2506 1626 2556; baseline 0.002 -16"><span class='ocrx_word' id='word_1_165' title='bbox 418 2508 612 2552; x_wconf 76' lang='lat' dir='ltr'><strong>Integrum</strong></span> <span class='ocrx_word' id='word_1_166' title='bbox 636 2506 768 2541; x_wconf 82' lang='lat' dir='ltr'><strong>dicitur</strong></span> <span class='ocrx_word' id='word_1_167' title='bbox 795 2507 896 2554; x_wconf 88' lang='lat' dir='ltr'><strong>quod</strong></span> <span class='ocrx_word' id='word_1_168' title='bbox 914 2506 1147 2548; x_wconf 66' lang='lat' dir='ltr'><strong>indivisum,</strong></span> <span class='ocrx_word' id='word_1_169' title='bbox 1189 2508 1392 2556; x_wconf 87' lang='lat' dir='ltr'><strong>nullosque</strong></span> <span class='ocrx_word' id='word_1_170' title='bbox 1425 2508 1534 2543; x_wconf 81' lang='lat' dir='ltr'><strong>lobos</strong></span> <span class='ocrx_word' id='word_1_171' title='bbox 1566 2509 1626 2543; x_wconf 86' lang='lat' dir='ltr'><strong>vel</strong></span> 
     </span>
     <span class='ocr_line' id='line_1_37' title="bbox 419 2553 1623 2603; baseline 0.003 -17"><span class='ocrx_word' id='word_1_172' title='bbox 419 2553 594 2588; x_wconf 71' lang='lat' dir='ltr'><strong>incisuras</strong></span> <span class='ocrx_word' id='word_1_173' title='bbox 618 2553 748 2592; x_wconf 79' lang='lat' dir='ltr'><strong>habet,</strong></span> <span class='ocrx_word' id='word_1_174' title='bbox 775 2566 810 2588; x_wconf 83' lang='lat' dir='ltr'><strong>et</strong></span> <span class='ocrx_word' id='word_1_175' title='bbox 833 2558 1101 2598; x_wconf 78' lang='lat' dir='ltr'><strong>integerrimum</strong></span> <span class='ocrx_word' id='word_1_176' title='bbox 1128 2554 1231 2602; x_wconf 85' lang='lat' dir='ltr'><strong>quod</strong></span> <span class='ocrx_word' id='word_1_177' title='bbox 1257 2555 1418 2603; x_wconf 81' lang='lat' dir='ltr'><strong>margine</strong></span> <span class='ocrx_word' id='word_1_178' title='bbox 1442 2568 1519 2590; x_wconf 85' lang='lat' dir='ltr'><strong>non</strong></span> <span class='ocrx_word' id='word_1_179' title='bbox 1537 2553 1623 2590; x_wconf 85' lang='lat' dir='ltr'><strong>den-</strong></span> 
     </span>
     <span class='ocr_line' id='line_1_38' title="bbox 413 2599 1111 2637; baseline 0.001 -1"><span class='ocrx_word' id='word_1_180' title='bbox 413 2609 530 2636; x_wconf 79' lang='lat' dir='ltr'><strong>tatum</strong></span> <span class='ocrx_word' id='word_1_181' title='bbox 554 2608 728 2636; x_wconf 81' lang='lat' dir='ltr'><strong>serratum</strong></span> <span class='ocrx_word' id='word_1_182' title='bbox 751 2599 809 2634; x_wconf 83' lang='lat' dir='ltr'><strong>vel</strong></span> <span class='ocrx_word' id='word_1_183' title='bbox 836 2611 1022 2635; x_wconf 71' lang='lat' dir='ltr'><strong>crenatum</strong></span> <span class='ocrx_word' id='word_1_184' title='bbox 1048 2611 1111 2637; x_wconf 77' lang='lat' dir='ltr'><strong>est.</strong></span> 
     </span>
    </p>
   </div>
  </div>
 </body>
</html>
