1677 2955
1154 137 1304 169 XXXVI
1311 141 1326 167 Ι

198 239 492 289 membrana
527 239 767 287 emittens.-
791 252 832 286 e.
867 252 908 300 g.
942 233 1326 299 Homallophyl-

138 338 141 341 «
199 306 292 354 lae.
358 307 562 371 Species
596 316 729 350 sunt:
1373 360 1376 363 Δ

235 376 282 431 1)
317 373 578 421 clausum,
631 358 768 433 quod
823 381 1023 430 semper
1075 364 1321 422 clausum,

291 435 372 481 vel
396 449 638 481 mucrone
669 436 963 493 instructum
1000 446 1038 478 e,
1061 449 1102 493 g.
1141 432 1322 476 Riccia.

228 503 279 560 2)
315 512 587 564 apertum„
624 500 769 562 apice
803 511 1003 560 semper
1024 507 1254 558 apertum
1281 491 1322 540 e'.

148 606 151 611 .
293 581 334 627 g.
369 563 554 614 Bla-sia„

134 627 512 692 d)„Splzaerzcla
558 640 632 674 est
669 629 1008 692 pericarpium
1055 622 1328 686 subglobo·

196 710 305 739 sum
342 694 395 737 iu
437 705 611 740 centro
657 704 890 764 apertura
926 694 1220 735 instructum
1254 702 1330 732 se-

197 761 438 822 minaque
471 757 768 821 gelatinosa‚
805 754 981 820 quibus
1017 770 1080 799 ex
1104 764 1214 800 toto
1249 767 1326 797 re-

198 821 394 886 pletum¹
427 825 656 869 emittens
693 837 731 866 e.
769 837 810 883 g.
847 818 1107 884 Sphaeria.

0 926 3 928 -
69 888 138 938 D.
177 882 396 934 Semen
455 888 642 950 (Spora
674 884 912 947 Hedwig)
973 894 1046 929 est
1095 899 1156 929 ea
1213 889 1329 944 p‘ars

169 954 661 1015 cryptogamicorum
685 947 1056 1011 vegetabilium,
1087 962 1219 1011 quae
1248 945 1332 991 de-

168 1016 484 1063 liniationem
518 1018 637 1062 novi
667 1013 912 1060 individui
932 1012 1238 1064 membranis
1259 1013 1361 1058 in*

171 1079 317 1139 clusi,
357 1083 603 1138 continet,
642 1076 1096 1143 quod-faventibus
1133 1078 1336 1122 circum-

167 1147 358 1192 stantiis
392 1161 576 1190 novam
611 1143 836 1207 plantam
874 1141 972 1188 dat.
1043 1143 1102 1187 In
1137 1151 1334 1204 crypto-

167 1212 331 1274 gamis-
374 1209 556 1273 plantis
603 1211 806 1255 semina>
845 1223 1093 1270 perquam
1142 1207 1337 1251 minuta

169 1287 306 1333 sunt,
342 1287 397 1320 ut
429 1274 591 1321 solum
625 1289 796 1319 semen
830 1271 969 1318 nudo
987 1270 1146 1323 ioculo
1182 1269 1336 1334 plane

168 1338 433 1386 invisibile.
474 1341 658 1385 Forma
684 1353 859 1384 eorum
877 1335 967 1382 sub
992 1335 1336 1397 microscopio

173 1404 440 1451 observata
472 1406 610 1450 varia
636 1415 735 1462 est,
775 1414 823 1448 et
858 1403 1152 1449 curiositatis
1178 1400 1338 1464 gratia

170 1466 348 1534 quoad
389 1467 625 1514 formamss
656 1480 705 1514 et
746 1465 1066 1531 superficiem
1113 1465 1338 1512 terminis

172 1536 364 1580 usitatis
400 1532 709 1579 describitur.
777 1533 980 1579 Semina
1021 1528 1335 1593 Lycopodii,

171 1598 755 1662 Schismatopteridium,
790 1595 1005 1642 Filieum
1050 1607 1099 1640 et
1137 1597 1338 1640 Musco-

172 1679 284 1710 rum
304 1663 470 1711 flamm
480 1678 538 1708 ae
567 1662 812 1708 candelae
830 1664 1059 1724 inspersa
1082 1658 1341 1722 fulgurant

171 1742 229 1775 ut
253 1728 429 1792 pollen
459 1727 783 1774 antherarum
810 1724 1342 1789 plantarumfphaeno-

171 1810 457 1857 gamarum,
497 1804 546 1837 et
580 1808 642 1838 ex
676 1790 772 1837 hac
809 1788 1049 1854 qualitate
1094 1790 1345 1853 antiquio·-

171 1874 252 1904 res
301 1859 551 1914 Botanici‚
610 1854 791 1920 pollen
834 1871 933 1902 nec
982 1870 1157 1901 semen
1208 1869 1341 1911 esse,

169 1938 441 1987 perperam
484 1920 855 1975 concluserunt.
945 1919 1117 1966 Partes
1161 1918 1344 1983 quibus

173 1989 367 2034 semina
403 1985 682 2032 adhaerent
714 1998 851 2032 sunt:
905 1984 1119 2043 Arillusw
1147 1983 1340 2043 Elater,

177 2051 506 2116 Capsslstium,
542 2050 874 2097 Trichidium.
1096 2059 1123 2072 s*

145 2117 195 2179 a)
228 2116 433 2163 Arillus
465 2117 754 2162 nominatur
786 2114 1084 2162 membrana
1117 2114 1348 2160 tenuissi-

155 2206 168 2213 -
207 2197 292 2227 ma
325 2197 499 2228 semen
531 2179 871 2229 involvense.
900 2197 944 2245 g.
979 2183 1034 2226 in
1058 2178 1348 2243 Hydropte-

192 2245 400 2293 'ridibus

146 2310 204 2370 b)
243 2311 430 2357 Elacer
478 2323 552 2357 est
599 2309 896 2357 membrana
944 2309 1146 2356 linearis
1210 2320 1345 2354 torta

215 2374 419 2421 elastica
464 2392 638 2423 semen
690 2392 802 2424 cum
857 2373 1184 2439 receptaculo
1230 2390 1349 2420 con-

214 2452 424 2487 nectens
456 2444 515 2487 in
547 2440 758 2505 capsulis
785 2442 1164 2505 Hepaticarum,
1198 2437 1347 2484 illud-

203 2521 319 2569 *que
354 2505 650 2553 elasticitate
680 2523 770 2553 sua
805 2507 1025 2568 ejiciens.
1099 2505 1266 2569 Saepe
1298 2502 1355 2548 li-

219 2573 385 2617 nearis
421 2584 470 2618 et
500 2583 676 2632 tortus,
719 2571 1036 2637 quandoque
1066 2585 1188 2618 vero
1223 2568 1355 2615 Fora-
