1677 2955
277 144 368 197 163
537 134 1031 185 CRYPTOGAMIA
1063 136 1322 186 FILICES.

275 250 297 272 '¹
330 256 403 297 60.
436 247 882 296 POLYPODIUM
915 247 1321 312 alternifolium.
1371 246 1470 294 W„

333 328 381 371 P.
414 326 656 370 frondibus
687 328 920 386 profunde
949 326 1254 386 piunafifidis,
1287 326 1465 370 laciniis
1497 323 1605 367 sub-

395 385 583 429 alternis
622 387 893 430 distantibus
929 386 1177 429 linearibus
1219 388 1465 428 attenuatis
1498 399 1606 426 acu-

394 446 597 497 minatis,
629 448 743 489 soris
773 445 986 489 solitariis
1016 446 1252 487 immersis.
1316 446 1386 487 W.

337 503 801 564 Wechselbl'cittriger
831 503 1082 563 Engelsiiss.
1144 505 1215 546 W.
1400 544 1407 562 x

337 564 540 606 Habitat
560 568 610 606 in
632 564 763 607 India
797 567 1027 607 orientali.
1060 580 1113 622 24„
1150 565 1216 619 (v.
1249 567 1306 622 s.)
1355 562 1422 604 D.
1455 561 1604 604 Klein.

456 622 662 665 Frondes
701 627 841 666 semi·
884 627 963 666 vel
1001 623 1330 681 sesquipedales
1360 620 1608 681 profunde

337 682 670 740 pinnatlfidae,
704 683 886 725 laciniis
916 687 1014 725 tri-
1042 682 1122 724 vel
1149 680 1533 740 sexpollicaribus
1552 683 1611 722 li-

339 740 558 783 nearibus
585 746 836 784 attenuatis
869 744 1136 784 acuminatis
1175 742 1478 799 integerrimis
1507 740 1610 798 ple-

340 813 531 856 rumque
569 803 754 842 alternis
786 801 1073 859 quandoque
1112 801 1440 858 suboppositis.
1507 798 1610 840 sori

338 860 539 900 solitarii
558 862 772 902 immersi.
841 859 990 901 Valde
1010 861 1150 903 simile
1169 859 1497 917 praecedenti,
1530 856 1611 899 sed

342 915 570 959 diversum
599 916 840 962 frondibus
869 918 1111 979 profunde
1141 917 1447 974 pinnatifidis‚
1489 917 1607 956 laci—

339 979 429 1018 niis
457 978 699 1020 linearibus
729 979 1015 1036 longioribus
1043 978 1319 1036 plerumque
1343 976 1531 1017 alternis
1562 985 1611 1016 et

339 1038 456 1076 soris
483 1038 715 1080 solitariis.
776 1036 859 1078 Ad
899 1037 955 1079 P.
993 1038 1275 1093 pustulatum
1314 1033 1498 1077 accedit
1533 1049 1612 1075 so·-

341 1107 506 1136 rorum
537 1093 837 1153 dispositione
866 1095 949 1138 sed
980 1094 1164 1153 differt:
1206 1094 1383 1136 laciniis
1410 1092 1612 1153 frondis

339 1154 641 1210 paucioribus
678 1157 823 1196 multo
866 1155 1155 1211 longioribus
1191 1168 1278 1196 nec
1318 1156 1476 1195 sensim
1506 1155 1612 1211 api-

342 1225 441 1253 cem
478 1226 633 1256 versus
671 1216 937 1256 minoribus.
1012 1212 1340 1255 Praecedenct
1361 1210 1510 1253 valde
1548 1215 1608 1251 si-

340 1271 471 1315 mile,
504 1270 587 1313 sed
619 1273 965 1315 characteribus
993 1272 1215 1315 indicatis
1247 1270 1487 1312 diversum.
1538 1270 1611 1312 W.

280 1377 304 1399 *
336 1386 415 1427 61.
451 1381 898 1429 POLYPODIUM
926 1397 1173 1446 grossum.

340 1459 391 1502 P.
423 1458 668 1503 frondibus
709 1460 1017 1519 pinnatifidis‚
1069 1460 1247 1502 laciniis
1287 1461 1512 1518 oppositis
1553 1459 1611 1501 li-

397 1519 844 1563 neari-lanceolatis
876 1519 1168 1572 distantibus,
1199 1520 1311 1561 soris
1333 1521 1494 1577 sparsis
1527 1518 1612 1561 ob-

399 1578 551 1637 longis
580 1580 815 1622 immersis.
877 1580 949 1622 W.

338 1636 660 1695 Polypodium
691 1652 906 1696 grossum.
967 1634 1259 1695 Langsdorff
1279 1635 1322 1678 et
1342 1635 1523 1680 Fischer
1552 1639 1610 1680 ic.

383 1696 504 1752 filic.
539 1709 572 1738 c.
605 1704 646 1746 8.

339 1753 647 1813 Dickhufiger
676 1753 931 1814 Engelsiiss.
992 1756 1066 1797 W.

340 1811 538 1856 Habitat
566 1819 615 1856 in
645 1814 900 1857 Nucahiva.
935 1827 988 1871 23„
1024 1816 1091 1871 (τυ.
1122 1817 1178 1871 s.)

455 1872 659 1916 Frondes
688 1872 933 1933 profunde
962 1873 1294 1930 pinnatifidae‚
1331 1872 1509 1915 laciniis
1539 1871 1615 1913 di-

338 1933 566 1973 stantibus
596 1931 1080 1974 lineari-lanceolatis
1113 1933 1451 1976 obtusiusculis,
1490 1931 1615 1989 inse-

339 1992 542 2034 rioribus
572 1991 773 2048 quadri·
802 1992 880 2032 vel
910 1991 1442 2048 quinquepollicaribus,
1476 2004 1612 2048 supe-

341 2049 540 2093 rioribus
570 2050 922 2108 bipollicaribus
951 2060 995 2089 et
1027 2049 1307 2090 brevioribus.
1341 2048 1442 2089 Sori
1463 2052 1613 2107 sparsi

337 2107 668 2167 magnitudine
689 2111 780 2164 pisi
803 2108 994 2165 oblongi
1014 2111 1224 2149 immersi.
1249 2107 1451 2148 Accedit
1468 2106 1614 2150 valde
1672 2141 1676 2144 .

341 2166 405 2208 ad
433 2167 489 2209 P.
515 2166 850 2226 phymatoden‚
883 2167 964 2208 sed
985 2167 1168 2208 laciniis
1191 2166 1480 2223 longioribus
1501 2166 1614 2208 line·

339 2226 718 2269 ari-lanceolatis
742 2226 1061 2268 obtusiusculis
1085 2224 1377 2269 distantibus,
1402 2228 1613 2283 sorisque

340 2283 487 2342 duplo
532 2286 784 2344 majoribus
824 2285 1034 2342 oblongis
1065 2295 1203 2343 atque
1253 2287 1400 2325 minus
1427 2287 1610 2325 immer-

336 2347 394 2385 sis
423 2347 532 2386 satis
565 2344 844 2389 distinctum.

279 2452 298 2472 *
331 2459 406 2499 62.
442 2452 898 2502 POLYPOD1UM
926 2450 1270 2516 pustulatum.

334 2531 387 2573 P.
420 2530 663 2577 frondibus
693 2531 931 2592 profunde
962 2530 1272 2589 pinnatifidis‚
1303 2529 1482 2572 laciniis
1503 2529 1638 2571 sub-²

393 2594 620 2650 oppositis
661 2593 990 2651 approximatis
1038 2590 1296 2634 numerosis
1343 2587 1613 2653 lanceolatis
