1677 2955
1237 170 1302 202 XV

230 272 590 329 mosissimum,
645 278 698 315 et
745 269 800 314 in
842 265 1001 316 axillis
1045 283 1303 314 ramorum

231 336 483 385 foramine
515 338 828 382 instructum.

174 406 250 466 14)
285 401 669 467 scyphiserum,
714 415 971 446 ramosum
1007 398 1145 460 cujus
1179 399 1308 444 rami

232 472 296 514 in²=
318 465 535 530 scyphos
573 463 774 514 abeunt.

173 538 253 592 15)
290 545 549 583 erectum,
609 529 748 596 quod
802 529 1139 576 directionem
1193 527 1304 576 fere

231 594 711 662 perpendicularem
745 593 909 645 habet.

173 667 251 724 16)
287 661 622 715 decumbens,
651 660 791 726 quod
818 676 846 707 e
865 659 975 708 b'asi
995 672 1165 708 erecta
1191 676 1307 724 pro·

233 725 437 774 cumbit.
459 757 463 759 >
681 767 683 769 ,

172 794 251 856 17)
275 789 608 857 fistulosum,
677 789 819 856 quod
869 792 1070 837 interne
1110 789 1311 838 tubulo-

226 855 343 905 ‘sum
379 872 420 903 e.
447 872 492 920 g.
528 858 581 903 in
614 855 1037 917 BaeomJ-cidibus
1071 856 1292 904 Acharii.

176 926 253 982 13)
287 922 545 975 solidum,
581 923 782 968 interne
815 920 1033 968 farctum
1070 938 1112 970 e.
1133 938 1177 986 g.
1204 922 1311 971 Ste-¹

233 985 516 1034 reocaulon
549 986 766 1034 Acharii.

42 1054 104 1102 G.
140 1053 522 1101 Sarmentum
560 1055 783 1099 occurrit
815 1053 868 1098 in
905 1050 1212 1118 quibusdam
1232 1053 1311 1098 Fi-

169 1116 373 1175 licibus,
411 1116 486 1162 est
521 1119 681 1164 cormi
714 1119 912 1181 species
958 1132 986 1163 e
1020 1117 1196 1164 radice
1230 1115 1311 1163 vel

174 1182 388 1230 caudice
425 1194 536 1228 orta
564 1181 908 1246 procumbens
933 1180 1181 1229 filiformis
1210 1184 1314 1247 api-

174 1264 233 1295 ce
278 1245 509 1294 radicans
555 1260 605 1294 et
647 1264 838 1295 novum
880 1247 1164 1312 vegetabile
1198 1265 1314 1314 pro-

169 1311 352 1361 ferens.

44 1381 106 1428 H.
139 1376 318 1426 Stolo
353 1374 510 1425 facies
542 1376 617 1424 illi
644 1390 718 1425 est
742 1377 1100 1443 praecedentis
1123 1378 1216 1425 sed
1240 1377 1317 1425 fo-

172 1441 252 1490 liis
304 1442 468 1490 obsita
520 1456 570 1491 et
612 1443 841 1510 undique
873 1443 1084 1508 ⁶radices
1121 1443 1317 1509 absque

177 1508 514 1556 determinato
553 1509 735 1556 ordine
771 1525 938 1574 agens.
1005 1512 1065 1571 In
1099 1509 1317 1578 nonnul-

173 1572 236 1622 lis
271 1576 474 1621 MusciS.
510 1595 511 1598 ¹
1076 1591 1080 1592 ⁷

48 1641 81 1687 1.
115 1638 402 1687 Petiolus
438 1641 491 1687 in
511 1638 695 1704 plantis
724 1641 1061 1705 cryptogamis
1084 1656 1198 1686 raro
1228 1637 1318 1686 ob-

176 1707 301 1763 vius,
338 1703 470 1752 forte
495 1716 691 1750 tantum
724 1708 778 1750 in
799 1704 1045 1751 Marsileis
1081 1716 1132 1751 et
1164 1704 1319 1751 Salvi-

176 1772 304 1829 niis,
342 1782 415 1816 est
451 1772 587 1816 enim
623 1772 783 1817 cormi
817 1771 1038 1833 species,
1076 1786 1208 1836 quae
1242 1769 1319 1816 fo-

175 1833 301 1881 lium
337 1836 482 1898 apice
516 1833 629 1881 fert.

5 1926 11 1930 -
46 1900 110 1947 K.
146 1896 544 1946 pedunculus
589 1900 749 1947 cormi
789 1901 984 1965 species
1011 1900 1065 1945 in
1090 1898 1319 1964 phaeno-

179 1966 334 2029 gamis
385 1962 569 2028 plantis
619 1963 800 2011 florem
853 1973 911 2011 et'
953 1977 1135 2030 postea
1189 1963 1319 2013 fruc-

179 2042 286 2076 tum
319 2028 640 2086 suffulciens,
684 2032 738 2076 in
775 2033 1114 2095 cryptogamis
1151 2031 1320 2078 obser-

178 2107 324 2141 vatur
356 2107 552 2141 tantum
585 2096 637 2142 in
671 2094 1158 2160 Hydropteridibus,
1186 2098 1321 2142 Mar-

183 2158 394 2210 chantiis
433 2173 483 2206 et
514 2159 871 2225 Staurophora.
940 2162 998 2207 In
1032 2161 1320 2226 Hydropte-

182 2223 373 2271 ridibus
386 2223 606 2273 fructum
625 2227 696 2273 sic
719 2226 923 2282 dictum,
938 2229 991 2272 in
1002 2226 1322 2273 Marchantia

184 2300 235 2336 et
266 2291 614 2354 Staurophora
647 2291 1028 2355 receptaculum
1063 2304 1319 2339 sustentat.

55 2356 111 2402 L.
146 2353 288 2402 Seta
319 2357 506 2403 Muscis
543 2368 594 2402 et
625 2355 880 2403 nonnullis
914 2358 992 2404 He
1033 2357 1173 2404 aticis
1205 2373 1324 2422 pro‘

183 2422 294 2483 pria
339 2437 369 2466 a
407 2420 702 2484 pedunculo
747 2423 862 2468 satis
908 2416 1001 2468 evo
1025 2422 1202 2470 utione
1248 2422 1324 2468 di-

184 2501 342 2532 versa.
422 2487 595 2534 Oritur
631 2489 766 2533 enim
799 2499 917 2552 post
948 2487 1324 2534 florescentiam

188 2562 240 2596 et
273 2561 347 2596 est
381 2548 638 2615 elongatio
673 2555 806 2600 inter
837 2551 1057 2600 fructum
1092 2565 1142 2600 et
1167 2553 1324 2600 basin⁶

186 2615 392 2680 Species
425 2629 560 2666 sunt:
588 2619 648 2681 '1)
682 2620 1002 2671 terminalis,
1039 2620 1090 2679 2)
1125 2619 1326 2664 axilla·
