1677 2955
1193 133 1314 163 XXXI

115 236 164 296 a)
203 231 428 296 Oapsulcz
465 243 539 278 est
572 231 914 296 pericarpium
956 231 1150 277 semina
1195 247 1315 278 con-

177 295 341 345 tinen's
379 299 620 363 varioque
654 294 810 342 modo
837 312 891 343 se
916 298 1163 360 aperiens.
1232 297 1318 344 Se-

180 376 393 428 que-ntes
432 363 741 410 diversitates
778 360 1132 408 observantur:

181 431 226 491 1)
267 428 638 479 unilocularzls,
687 442 821 493 quae
864 443 971 474 non
1005 425 1320 473 loculamen-

241 495 299 540 tis
336 493 505 541 divisa.

180 560 228 622 2)
267 560 382 610 di·,
420 570 589 605 secra·
621 555 704 604 vel
727 557 1085 621 octosperma‘,
1111 559 1164 603 in
1188 559 1317 604 Fun-

241 626 336 688 gis',
389 622 708 672 Lichenibus.
786 624 1077 669 Memoratu
1111 621 1319 687 dignum

241 688 443 736 videtur
473 691 527 735 in
571 686 786 752 capsulis
836 686 1186 752 oligospermis
1228 706 1319 734 nu-

241 770 408 801 merus
444 753 707 820 regularis,
769 752 914 819 quod
956 769 1144 818 nempe
1188 752 1315 814 duo,

167 826 170 829 ’
243 832 462 886 quatuor
512 833 563 868 et
603 819 908 885 plerumque
950 831 1070 866 ecto
1125 821 1318 866 semina

242 888 514 934 continear.

177 952 228 1014 3)
302 951 592 1015 olysperma
605 986 626 1003 ,
653 951 935 997 numerosis
950 949 1224 997 seminibus
1244 966 1320 997 re-

241 969 372 1061 Ῑζιῒει
425 1033 465 1062 e.
505 1033 548 1080 g.
599 1014 1065 1078 Stachyopterides,
1114 1015 1315 1074 Filices,

239 1081 536 1145 Hepaticae,
1044 1119 1051 1125 .

180 1147 228 1208 4)
264 1151 414 1203 asn'ce
449 1145 746 1197 dehiscens,
803 1160 938 1210 quae
972 1147 1118 1209 apice
1157 1144 1319 1193 dehis-

245 1213 311 1257 cit
354 1226 396 1258 e.
441 1228 484 1274 g.
530 1210 806 1270 Lichenes‚
855 1211 1030 1274 Fungi,
1113 1212 1319 1259 Semina

241 1278 573 1323 minutissima
599 1275 781 1334 halitus
813 1279 970 1322 instar
1002 1275 1209 1324 elastice
1238 1294 1320 1323 ex-

241 1341 549 1407 ploduntur,
602 1343 850 1389 rarissime
897 1340 1124 1407 deliquio
1162 1341 1321 1390 effun-

245 1406 446 1455 duntur.

181 1473 229 1535 5)
261 1491 393 1537 poro
417 1473 718 1524 dehiscens,
748 1473 894 1536 apice
920 1470 1172 1521 foramine
1200 1491 1321 1539 qua-

236 1542 283 1584 vsi
303 1540 495 1585 intruso
524 1537 790 1585 dehiscens
810 1553 851 1584 e.
876 1556 920 1602 g.
939 1540 1317 1603 Poropterides.

184 1605 232 1666 6)
270 1606 404 1649 rima
439 1602 734 1654 dehiscens,
783 1605 929 1666 apice
957 1602 1109 1665 ¹linea
1153 1603 1320 1652 dehis-

248 1684 368 1716 cens
405 1685 432 1715 e
482 1686 522 1732 g.
557 1667 1082 1731 SchismatopterideS.

183 1734 230 1795 7)
270 1728 635 1796 z't-Jegulariter
666 1733 965 1784 dehiscens,
1002 1737 1323 1782 transversim

249 1795 442 1862 absque
484 1797 659 1862 regula
709 1812 764 1843 se
815 1796 1029 1849 elasticeff
1072 1804 1319 1864 aperiens.

245 1861 437 1911 Filices.

181 1928 231 1989 3)
270 1928 505 1978 ὂίναίηέ,
552 1928 605 1973 in
638 1925 863 1975 valvulas
899 1927 1022 1975 duas
1057 1930 1320 1979 secedens.

245 1992 614 2056 Lycopodium‚
651 1993 985 2052 Anthoceros,
1013 1994 1318 2045 Blandowia.

185 2058 233 2119 9)
270 2058 531 2109 trz'valvz's,
566 2056 787 2105 valvulas
814 2070 913 2105 tres
935 2058 1145 2108 habens.
1214 2063 1323 2108 Du-

245 2120 439 2170 fourea.

189 2181 664 2249 10)⁴qaadrlvalvis,
686 2190 739 2234 in
762 2200 979 2253 quatuor
994 2189 1213 2238 valvulas
1237 2191 1323 2239 de-

249 2251 457 2298 hiscens.
509 2252 927 2317 Jungermannia,
958 2254 1319 2320 Staurophora.

191 2318 267 2378 11)
305 2317 863 2370 demam-dehiscens,
882 2320 1041 2383 'apice
1063 2323 1116 2367 in
1144 2321 1322 2369 dentes

251 2380 528 2428 dehiscens.
601 2382 928 2431 Marchantia.

192 2445 268 2507 12)
302 2458 531 2510 gyrata,
585 2464 719 2512 quae
762 2448 1070 2497 verticaliter
1105 2465 1324 2515 corpore

250 2508 516 2558 articulato
553 2512 760 2561 elastico
799 2516 879 2559 cui
904 2531 1096 2563 nomen
1123 2528 1197 2563 est
1222 2517 1326 2581 Gy-

247 2591 362 2627 ras,
400 2578 615 2642 cingitur
649 2594 690 2628 e.
726 2596 768 2644 g.
804 2578 996 2629 Filices.
