1677 2955
316 171 417 202 XXX

612 266 654 328 ι)
699 275 843 322 teres,
901 263 954 308 in
999 262 1269 327 Equizeto,
1312 250 1668 325 ‘Lycopodiis‘

666 326 934 375 nonnullis,
1215 365 1218 368 Δ

606 396 654 457 2)
693 405 994 458 tetragona,
1047 393 1102 436 in
1150 388 1457 453 Lycopodiis
1512 405 1640 436 non2

670 456 832 505 nullis.

607 527 656 583 3)
692 522 1002 579 articulata,
1037 522 1089 565 in
1126 517 1482 583 Ophioglosso.

508 586 562 650 b)
600 589 857 633 Racemus
896 585 1067 633 videre
1119 596 1193 631 est
1241 585 1294 628 in
1327 582 1553 631 Salviniis
1589 595 1640 631 et

574 648 830 698 Marsileis.

511 719 558 778 c)
595 716 860 762 Paniczcla
911 714 1203 762 observatur
1250 713 1303 758 in
1348 711 1634 772 Osmunda,

572 781 864 842 Botrychio,
900 780 1133 837 Anemia,
1169 776 1485 837 Polybotrya.

509 845 562 908 d)
598 846 755 891 Sorus
798 844 937 890 audit
979 859 1184 890 acervus
1229 841 1544 905 capsularum
1584 843 1677 888 in*-

569 909 781 957 Filicum
820 907 1002 956 fronde
1045 910 1178 963 situs.
1254 907 1460 970 Species
1501 918 1634 953 sunt:

578 976 622 1037 ι)
657 973 1026 1031 sabrocundas,
1061 975 1112 1034 2)
1137 972 1367 1030 lunatas,
1404 973 1453 1033 3)
1473 972 1637 1017 linea·
1667 967 1673 1022 ³,

573 1043 659 1096 ris,
698 1039 747 1100 4)
783 1038 1063 1095 solitarius,
1098 1038 1139 1082 si
1156 1037 1288 1081 inter
1308 1051 1461 1082 venas
1482 1048 1637 1082 trans-

568 1102 785 1151 vershles
818 1100 1011 1148 frondis
1043 1115 1245 1163 semper
1275 1099 1521 1146 solitarius
1555 1116 1637 1147 so-

570 1185 650 1214 rus
685 1169 959 1222 invenitur,
993 1168 1080 1230 qui
1111 1180 1265 1228 saepe
1300 1163 1363 1211 ab
1387 1167 1536 1229 apice
1569 1164 1637 1212 ad
1668 1214 1671 1220 ,

568 1232 712 1278 basin
744 1229 936 1278 frondis
970 1229 1052 1277 vel
1083 1227 1298 1276 laciniae
1333 1242 1417 1275 aut
1448 1231 1637 1293 pinnae

569 1297 793 1359 ejusdem
841 1295 1027 1342 lineam
1073 1292 1493 1358 longitudinalem
1538 1292 1638 1339 for-

568 1374 693 1421 mat,
759 1364 807 1423 5)
846 1360 1076 1418 set-iales,
1113 1361 1154 1405 si
1186 1360 1289 1405 sori
1319 1360 1450 1404 inter
1481 1374 1634 1405 venas

569 1425 921 1473 transversales
955 1427 1007 1470 in
1040 1423 1229 1469 lineam
1254 1422 1636 1470 transversalem

562 1494 667 1539 sint
702 1491 948 1554 dispositi,
1011 1491 1058 1551 6)
1098 1488 1385 1546 biserz‘aleS,
1429 1491 1470 1535 si
1502 1490 1634 1534 inter
1674 1501 1677 1546 j

568 1572 721 1604 venas
767 1553 1115 1601 transversales
1155 1554 1286 1599 serie
1317 1552 1667 1604 transversali,

569 1619 761 1684 duplici
793 1623 892 1666 sint
924 1621 1032 1677 siti,
1086 1620 1134 1680 7)
1174 1617 1556 1676 mulcz'serz'czles,
1590 1621 1634 1664 si

565 1684 734 1751 plures
767 1687 919 1732 series
959 1683 1061 1730 hoc
1093 1681 1251 1728 modo
1287 1680 1514 1746 dispositi
1548 1680 1633 1728 ad—

565 1752 683 1808 sint,
727 1752 776 1811 3)
815 1752 997 1813 sparsi,
1034 1749 1076 1794 si
1111 1746 1212 1793 duo
1247 1749 1349 1793 sori
1382 1749 1514 1793 inter
1545 1762 1630 1794 ve-

564 1830 656 1860 nas
705 1813 1057 1860 transversales
1110 1811 1192 1859 vel
1237 1810 1406 1877 plures
1442 1810 1633 1876 absque
1674 1820 1677 1852 ἶ

569 1877 773 1936 ordine,
818 1879 866 1939 9)
905 1880 1200 1934 continuus,
1261 1878 1338 1938 10)
1376 1879 1632 1941 interrup-
1675 1886 1677 1889 '

567 1954 669 2000 tus,
727 1943 805 2004 11)
840 1941 1263 2005 longz'cudinalis,
1326 1941 1404 2003 12)
1441 1943 1632 2006 margi-
1661 1940 1673 1984 ζ

566 2008 728 2064 nalis,
769 2008 845 2068 13)
882 2017 1205 2053 transversus.
1424 2036 1430 2047 .-
1544 2002 1546 2004 ’
1613 2058 1614 2061 ¹
1672 2043 1675 2047 .

628 2071 757 2127 Sori,
783 2083 839 2117 ut
858 2084 995 2115 nunc
1021 2067 1250 2126 observo,
1275 2068 1629 2119 inMertensiis

553 2151 672 2182 non
712 2147 827 2181 sunt
868 2132 1123 2180 biseriales
1166 2133 1256 2179 sed
1300 2132 1383 2179 vel
1422 2132 1629 2182 solitarii
1669 2123 1677 2158 ἶ

564 2199 647 2247 vel
684 2201 864 2263 sparsi,
925 2198 1065 2264 quod
1108 2197 1631 2262 inposterum'ssemen·

565 2263 804 2312 dandum.

376 2330 432 2377 C.
466 2327 898 2393 Pericarpium
942 2329 1336 2391 (Perisporium)
1373 2339 1447 2374 est
1479 2342 1629 2391 gene·
1671 2339 1677 2363 -2

469 2392 584 2440 ralis
640 2393 984 2440 denominatio
1033 2390 1286 2438 fructuum
1334 2395 1389 2438 in
1443 2391 1628 2456 plantis
1666 2421 1674 2449 ς.

472 2460 818 2523 οΓγΡῑοσειηιίε.
886 2457 1092 2521 Species
1125 2455 1270 2517 hujus
1304 2466 1440 2503 sunt:
1495 2456 1626 2520 Cap·
1659 2456 1677 2493 ἶ·

468 2523 600 2583 sula,
641 2494 842 2582 ff'heca,
876 2522 1251 2587 Sporangium,
1285 2520 1590 2587 Sphaerula.
1666 2527 1667 2531 ’
