1677 2955
288 152 360 182 ΧΠ

454 249 531 308 18)
571 245 937 296 crichotomus,
963 243 1005 288 si
1034 240 1188 290 caulis
1212 240 1404 289 trifidus
1423 244 1606 290 iterum

514 324 667 376 atqu-e
700 312 881 356 iterum
913 306 1126 366 trifidus,
1168 318 1225 352 ut
1264 308 1318 353 in
1349 306 1606 354 nonnullis

510 377 711 423 Muscis·
828 381 831 385 ’

457 448 534 505 19)
570 438 941 491 verticillacus,
995 437 1132 496 cuius
1174 437 1299 482 rami
1331 451 1424 500 per
1454 439 1607 484 inter-

511 504 643 551 valla
684 502 976 567 regulariter
1020 503 1209 549 circum
1256 500 1454 548 caulem
1492 513 1607 550 sunt

510 570 677 633 positi.
741 569 996 633 Equiseta.

449 637 531 692 20)
545 644 760 685 erectus,
813 635 865 677 ui
881 629 989 678 fere
1006 629 1606 696 perpendiculariterstat,

450 701 532 757 21)
561 648 903 760 procumssens
934 713 968 744 s.
1008 706 1326 758 prostratus,
1377 697 1464 762 qui
1505 708 1604 744 ter-

512 777 599 808 rae
632 759 905 825 adpressus'
928 760 1075 820 jacet.

448 829 530 886 22)
570 825 921 877 adscendens,
986 825 1074 888 qui
1116 821 1225 869 basi
1266 822 1606 888 procumbens

512 901 562 937 et
593 891 855 954 superiore
888 900 1032 951 parte
1067 902 1262 936 erectus
1298 901 1383 937 est.

445 958 529 1014 23)
565 970 774 1016 repens,
810 954 898 1017 qui
930 952 1223 1018 procumbit
1256 965 1308 999 et
1339 951 1606 1000 hincinde

507 1017 704 1065 radices
739 1019 931 1063 emittit.
1163 1051 1166 1054 ι

445 1083 528 1144 24)
563 1077 842 1135 radin-ans,
879 1082 966 1145 qui
1000 1078 1293 1145 procumbit
1326 1093 1377 1129 et
1408 1093 1607 1128 tantum

505 1149 560 1192 in
594 1145 820 1211 apicibus
854 1162 1110 1193 ramorum
1142 1145 1338 1193 radices
1374 1150 1489 1210 agit.

446 1213 528 1269 25)
564 1211 860 1275 pendulus,
925 1212 1014 1275 qui
1065 1212 1119 1258 in
1168 1213 1317 1257 ramis
1367 1211 1605 1258 arborum

506 1277 686 1324 crescit
740 1287 791 1323 et
831 1274 1322 1340 perpendiculariter
1361 1275 1609 1340 dependit

507 1357 550 1388 e.
587 1358 631 1405 g.
665 1339 1013 1405 Lycopodium
1040 1339 1331 1387 -linifolium.

445 1409 527 1466 26)
550 1409 811 1464 fluitans,
865 1407 953 1469 qui
986 1403 1242 1452 radicibus
1278 1404 1450 1469 aliquo
1482 1402 1601 1452 loco

507 1469 679 1517 affixus
713 1486 865 1535 supra
899 1486 1084 1535 aquam
1117 1482 1292 1516 natare
1327 1468 1540 1517 videtur.

441 1538 524 1598 27)
560 1537 717 1580 ramis
750 1536 1001 1594 deflexis,
1046 1537 1134 1598 qui
1167 1551 1333 1581 ramos
1368 1548 1601 1580 recurva·
1652 1536 1661 1543 '

502 1611 578 1645 tos
613 1598 865 1663 simplices
897 1596 1091 1663 profert
1134 1615 1175 1646 e.
1211 1616 1253 1662 g.
1291 1598 1602 1663 Sphagnum.

437 1668 522 1722 28)
570 1675 736 1716 tet-es,
798 1665 935 1726 cujus
987 1662 1232 1712 diameter
1272 1661 1602 1711 horizontalis

505 1726 775 1775 circularis.

441 1794 524 1848 29)
561 1794 822 1854 trigonus,
861 1792 999 1853 cujus
1036 1792 1284 1839 diameter
1315 1792 1601 1855 horizonta·

502 1855 562 1902 lis
596 1854 754 1901 tribus
796 1853 943 1902 lineis
985 1856 1229 1913 inclusu5‚
1281 1859 1457 1921 itaque
1500 1868 1602 1904 tres

503 1918 720 1983 angulos
744 1922 1091 1984 prominentes
1124 1919 1290 1971 habet.

440 1985 521 2046 30)
571 1996 916 2048 tetragonus,
978 1986 1067 2048 qui
1122 1997 1342 2050 quatuor
1391 1984 1600 2050 angulos

501 2050 847 2111 prominentes
880 2047 1049 2094 habet.

439 2119 519 2168 31)
554 2112 806 2166 sulcatus,
844 2115 931 2178 qui
963 2112 1112 2160 sulcis
1145 2112 1599 2179 longitudinalibus

502 2189 784 2224 excavatus.
1304 2195 1306 2197 ·

437 2242 517 2302 32)
552 2244 789 2294 striatas,
835 2243 924 2307 qui
963 2241 1108 2288 lineis
1146 2241 1597 2307 longitudinalibus

501 2304 731 2351 donatus.

435 2371 516 2430 33)
553 2385 892 2432 compressas,
941 2373 1028 2435 q‘ui
1061 2383 1280 2436 utroque
1313 2372 1472 2421 latere
1506 2390 1597 2438 op-

499 2435 666 2496 posito
701 2432 879 2497 planus
911 2435 992 2482 vel
1024 2435 1377 2499 planiusculus.

435 2501 517 2559 34)
552 2499 970 2554 canaliculatus,
1017 2502 1103 2565 qui
1144 2500 1282 2551 linea
1322 2501 1595 2567 longitudi-

499 2561 602 2609 nali
638 2574 919 2611 excavatus.
