1677 2955
255 162 444 195 xxxvm

452 256 651 305 minulis
685 273 946 322 percussus
990 257 1296 304 observatur.
1374 255 1466 303 Ille
1509 253 1584 302 fo-

453 322 727 370 raminibus
761 326 1026 370 instructus
1050 321 1465 369 faciemcatenae
1494 324 1585 366 mi-

454 390 593 435 noris
634 387 790 435 habet
834 400 883 434 et
924 387 1047 435 inde
1082 404 1110 432 a
1144 385 1398 433 nonnullis
1436 386 1586 432 Cacc-

457 454 585 499 nula
619 455 920 500 nominatur.
995 453 1202 515 Species
1243 453 1415 515 itaque
1448 462 1583 496 sunt:

460 519 508 576 1)
542 520 772 580 integer,
807 521 856 578 2)
892 516 1263 578 caceniformz’s.

394 583 445 639 c)
480 580 801 641 Capillicz'am
843 593 956 629 sunt
997 579 1086 645 pili
1125 581 1179 627 in
1223 581 1337 625 retis
1371 576 1585 625 formam

457 646 685 703 connati,
740 644 920 710 quibus
970 646 1163 690 semina
1210 642 1488 701 adhaerent
1530 646 1584 689 in

456 707 826 769 Gast-eromycis
862 724 904 756 e.
929 727 974 773 g.
993 707 1212 765 Trichia‚
1247 708 1552 755 Stemonitis.

394 771 447 828 d)
489 771 816 818 Tricludium
851 785 924 819 est
955 770 1338 836 pilusysimplex
1383 771 1464 818 vel
1512 788 1587 817 ra-

452 849 622 881 mosus
655 835 932 885 seminibus
966 836 1156 884 obsitus
1189 839 1242 882 in
1282 836 1585 900 Lycoperdo

455 909 505 943 et
541 900 768 947 Geastro.
1030 920 1032 923 ’

323 959 377 1010 Ε.
412 963 580 1008 Basis
616 978 677 1009 ea
713 977 787 1011 est
817 978 933 1029 pars
975 966 1466 1029 cryptogamicorum
1503 980 1586 1011 ve-

420 1026 714 1090 getabilium
756 1031 810 1075 in
853 1047 954 1094 qua
999 1028 1189 1076 fructus
1236 1032 1376 1075 vario
1426 1030 1583 1076 modo

417 1090 620 1151 sedent,
670 1104 744 1140 est
784 1092 866 1142 vel
906 1092 1307 1160 Receptaculum
1340 1093 1422 1141 vel
1455 1095 1585 1141 Tha-

415 1153 590 1204 lamus.

388 1221 436 1281 a)
474 1221 883 1283 Receptaculum
910 1238 1092 1287 corpus
1118 1222 1230 1286 plus
1250 1224 1476 1270 minusve
1503 1239 1586 1270 ex-

447 1295 647 1333 tensum
679 1284 882 1346 fructus,
916 1287 998 1334 vel
1030 1290 1084 1336 in
1116 1286 1382 1346 inferiore,
1418 1287 1500 1335 vel
1531 1292 1585 1335 in

447 1351 707 1412 superiore
766 1351 1033 1415 superficie
1094 1355 1310 1400 insertos
1369 1351 1581 1402 habens.

450 1413 788 1478 Distinguitur
818 1419 872 1462 in
899 1420 1236 1483 cryptogamis
1269 1429 1465 1464 tantum
1489 1419 1585 1464 Re-

451 1478 774 1542 ceptaculum
798 1498 1091 1540 commune,
1126 1481 1181 1528 id
1208 1494 1282 1528 est
1307 1483 1449 1546 quod
1475 1482 1584 1546 plu-

447 1557 528 1590 res
571 1542 761 1591 fructus
809 1545 929 1606 fert,
986 1562 1084 1592 nec
1132 1549 1395 1610 proprium
1443 1546 1584 1613 quod

448 1623 608 1656 unum
640 1607 877 1660 suffulcit.
943 1611 1150 1674 Species
1184 1624 1318 1658 sunt:

487 1674 552 1733 1)
576 1690 898 1727 conventam,
918 1676 971 1721 in
991 1675 1221 1735 Cyatheis
1242 1675 1376 1722 bene
1401 1675 1583 1724 multis.

486 1739 536 1798 2)
572 1737 874 1791 clavatam,
918 1742 972 1785 in
1003 1740 1422 1808 Hymenophyllis
1457 1759 1583 1788 non-

548 1799 711 1851 nth'S.

426 1905 429 1908 ,
481 1866 534 1924 3)
552 1865 852 1927 filifbrme,
886 1869 940 1913 in
974 1869 1332 1917 Trichomane.
1399 1870 1583 1935 Perpe-

544 1944 653 1974 ram
692 1928 796 1978 hoc
835 1934 989 1996 saepe
1031 1928 1337 1980 columnella
1378 1935 1458 1981 vel
1499 1953 1583 1983 co-

546 1992 777 2040 lumnula
804 1994 1004 2050 dicitur,
1027 1997 1117 2043 sed
1145 1997 1450 2045 columnella
1475 2018 1582 2047 mo-

547 2056 616 2104 do
651 2061 705 2104 in
739 2063 1011 2125 pericarpii
1044 2074 1247 2121 centro,
1290 2079 1389 2110 nec
1441 2077 1581 2112 extra

543 2121 643 2171 hoc
675 2125 942 2171 invenitur.

481 2186 532 2247 Δ)
560 2186 836 2252 glabrum,
873 2188 1067 2255 absque
1099 2190 1210 2255 pilis
1246 2190 1328 2238 vel
1362 2192 1538 2257 paleis.

479 2256 533 2308 5)
567 2252 842 2305 villosum,
877 2252 989 2319 pilis
1023 2267 1229 2304 tectum.

481 2316 904 2379 &paleam-am,
940 2318 1098 2382 paleis
1134 2320 1364 2368 obsitum.

479 2381 527 2443 7)
556 2380 846 2443 palmeam,
902 2383 1040 2448 quod.
1092 2384 1425 2432 orbiculatam
1474 2385 1574 2433 for-

542 2460 678 2490 mam
711 2444 879 2506 habet,
918 2461 968 2495 et
1001 2451 1055 2496 in
1083 2462 1257 2497 centro
1283 2451 1575 2514 pedunculo

542 2506 826 2558 suffulcitur
861 2528 903 2561 e.
942 2531 987 2578 g.
1021 2514 1352 2565 Marchautia.
1428 2517 1577 2581 Equi-

542 2585 718 2623 settim.
